<?xml version="1.0" encoding="UTF-8"?>
<!DOCTYPE html PUBLIC "-//W3C//DTD XHTML 1.0 Transitional//EN"
    "http://www.w3.org/TR/xhtml1/DTD/xhtml1-transitional.dtd">
<html xmlns="http://www.w3.org/1999/xhtml" xml:lang="en" lang="en">
 <head>
  <title>
</title>
<meta http-equiv="Content-Type" content="text/html;charset=utf-8" />
  <meta name='ocr-system' content='tesseract 3.04.00' />
  <meta name='ocr-capabilities' content='ocr_page ocr_carea ocr_par ocr_line ocrx_word'/>
</head>
<body>
  <div class='ocr_page' id='page_1' title='image "analectaadentomo00gors_0208.png"; bbox 0 0 2259 3506; ppageno 0'>
   <div class='ocr_carea' id='block_1_1' title="bbox 1030 193 1434 244">
    <p class='ocr_par' dir='ltr' id='par_1_1' title="bbox 1030 193 1434 244">
     <span class='ocr_line' id='line_1_1' title="bbox 1030 193 1434 244; baseline -0.007 -2"><span class='ocrx_word' id='word_1_1' title='bbox 1030 224 1099 228; x_wconf 80' lang='lat'>—-</span> <span class='ocrx_word' id='word_1_2' title='bbox 1185 193 1285 244; x_wconf 75' lang='lat'>180</span> <span class='ocrx_word' id='word_1_3' title='bbox 1365 223 1434 227; x_wconf 30' lang='grc' dir='ltr'><strong>ἡ</strong></span> 
     </span>
    </p>
   </div>
   <div class='ocr_carea' id='block_1_2' title="bbox 308 330 2173 2562">
    <p class='ocr_par' dir='ltr' id='par_1_2' title="bbox 308 330 2166 1253">
     <span class='ocr_line' id='line_1_2' title="bbox 310 330 2159 384; baseline 0 -16"><span class='ocrx_word' id='word_1_4' title='bbox 310 332 552 384; x_wconf 89' lang='lat' dir='ltr'>marginales</span> <span class='ocrx_word' id='word_1_5' title='bbox 592 330 742 369; x_wconf 78' lang='lat' dir='ltr'>medias</span> <span class='ocrx_word' id='word_1_6' title='bbox 784 334 824 367; x_wconf 87' lang='lat' dir='ltr'>et</span> <span class='ocrx_word' id='word_1_7' title='bbox 861 334 1081 368; x_wconf 83' lang='lat' dir='ltr'>extremam</span> <span class='ocrx_word' id='word_1_8' title='bbox 1113 330 1374 370; x_wconf 86' lang='lat' dir='ltr'>discoidaleni</span> <span class='ocrx_word' id='word_1_9' title='bbox 1417 334 1604 380; x_wconf 75' lang='lat' dir='ltr'>occupat,</span> <span class='ocrx_word' id='word_1_10' title='bbox 1646 331 1771 382; x_wconf 84' lang='lat' dir='ltr'>magis</span> <span class='ocrx_word' id='word_1_11' title='bbox 1803 341 2010 380; x_wconf 83' lang='lat' dir='ltr'>expressa.</span> <span class='ocrx_word' id='word_1_12' title='bbox 2074 330 2159 368; x_wconf 84' lang='lat' dir='ltr'>Ab·</span> 
     </span>
     <span class='ocr_line' id='line_1_3' title="bbox 310 401 2160 456; baseline 0 -14"><span class='ocrx_word' id='word_1_13' title='bbox 310 404 453 443; x_wconf 87' lang='lat' dir='ltr'>domen</span> <span class='ocrx_word' id='word_1_14' title='bbox 485 402 979 454; x_wconf 85' lang='lat' dir='ltr'>elliptico-lanceolatum,</span> <span class='ocrx_word' id='word_1_15' title='bbox 1012 402 1200 449; x_wconf 88' lang='lat' dir='ltr'>nitidum,</span> <span class='ocrx_word' id='word_1_16' title='bbox 1232 407 1441 456; x_wconf 88' lang='lat' dir='ltr'>segmento</span> <span class='ocrx_word' id='word_1_17' title='bbox 1464 403 1592 454; x_wconf 86' lang='lat' dir='ltr'>primo</span> <span class='ocrx_word' id='word_1_18' title='bbox 1615 401 1891 452; x_wconf 70' lang='lat' dir='ltr'>campanulum</span> <span class='ocrx_word' id='word_1_19' title='bbox 1909 403 2160 456; x_wconf 70' lang='lat' dir='ltr'>ferrugineo.</span> 
     </span>
     <span class='ocr_line' id='line_1_4' title="bbox 312 472 2163 528; baseline -0.002 -13"><span class='ocrx_word' id='word_1_20' title='bbox 312 476 492 516; x_wconf 87' lang='lat' dir='ltr'>secundo</span> <span class='ocrx_word' id='word_1_21' title='bbox 524 475 897 528; x_wconf 52' lang='lat' dir='ltr'>basisti-ruginem</span> <span class='ocrx_word' id='word_1_22' title='bbox 930 475 1085 525; x_wconf 79' lang='lat' dir='ltr'>postico</span> <span class='ocrx_word' id='word_1_23' title='bbox 1120 475 1425 515; x_wconf 86' lang='lat' dir='ltr'>indeterminate</span> <span class='ocrx_word' id='word_1_24' title='bbox 1459 476 1595 523; x_wconf 82' lang='lat' dir='ltr'>fusco,</span> <span class='ocrx_word' id='word_1_25' title='bbox 1626 474 1796 526; x_wconf 87' lang='lat' dir='ltr'>reliquis</span> <span class='ocrx_word' id='word_1_26' title='bbox 1828 472 1991 523; x_wconf 76' lang='lat'>(3—6)</span> <span class='ocrx_word' id='word_1_27' title='bbox 2024 473 2163 522; x_wconf 82' lang='lat' dir='ltr'>fuscis,</span> 
     </span>
     <span class='ocr_line' id='line_1_5' title="bbox 309 546 2164 601; baseline 0 -16"><span class='ocrx_word' id='word_1_28' title='bbox 309 548 584 599; x_wconf 86' lang='lat' dir='ltr'>pilosiuseulis</span> <span class='ocrx_word' id='word_1_29' title='bbox 615 548 653 585; x_wconf 93' lang='lat' dir='ltr'>in</span> <span class='ocrx_word' id='word_1_30' title='bbox 685 559 801 586; x_wconf 87' lang='lat' dir='ltr'>anum</span> <span class='ocrx_word' id='word_1_31' title='bbox 835 548 1019 586; x_wconf 89' lang='lat' dir='ltr'>conicum</span> <span class='ocrx_word' id='word_1_32' title='bbox 1053 548 1306 587; x_wconf 80' lang='lat' dir='ltr'>abeuntibus.</span> <span class='ocrx_word' id='word_1_33' title='bbox 1366 549 1408 587; x_wconf 92' lang='lat' dir='ltr'>ln</span> <span class='ocrx_word' id='word_1_34' title='bbox 1448 552 1658 601; x_wconf 85' lang='lat' dir='ltr'>segmento</span> <span class='ocrx_word' id='word_1_35' title='bbox 1691 546 1872 585; x_wconf 81' lang='lat' dir='ltr'>seeundo</span> <span class='ocrx_word' id='word_1_36' title='bbox 1910 546 2164 594; x_wconf 89' lang='lat' dir='ltr'>abdominali,</span> 
     </span>
     <span class='ocr_line' id='line_1_6' title="bbox 309 619 2162 673; baseline -0.001 -13"><span class='ocrx_word' id='word_1_37' title='bbox 309 622 375 660; x_wconf 91' lang='lat' dir='ltr'>ubi</span> <span class='ocrx_word' id='word_1_38' title='bbox 407 621 521 660; x_wconf 90' lang='lat' dir='ltr'>color</span> <span class='ocrx_word' id='word_1_39' title='bbox 551 619 813 672; x_wconf 83' lang='lat' dir='ltr'>ferrugineus</span> <span class='ocrx_word' id='word_1_40' title='bbox 845 632 935 659; x_wconf 90' lang='lat' dir='ltr'>cum</span> <span class='ocrx_word' id='word_1_41' title='bbox 967 620 1082 659; x_wconf 83' lang='lat' dir='ltr'>fusco</span> <span class='ocrx_word' id='word_1_42' title='bbox 1116 620 1299 669; x_wconf 85' lang='lat' dir='ltr'>confluit,</span> <span class='ocrx_word' id='word_1_43' title='bbox 1339 622 1526 672; x_wconf 86' lang='lat' dir='ltr'>utrinque</span> <span class='ocrx_word' id='word_1_44' title='bbox 1558 624 1667 673; x_wconf 86' lang='lat' dir='ltr'>gutta</span> <span class='ocrx_word' id='word_1_45' title='bbox 1700 631 1731 658; x_wconf 90' lang='lat' dir='ltr'>s.</span> <span class='ocrx_word' id='word_1_46' title='bbox 1765 619 1918 658; x_wconf 89' lang='lat' dir='ltr'>macula</span> <span class='ocrx_word' id='word_1_47' title='bbox 1951 619 2162 658; x_wconf 82' lang='lat' dir='ltr'>circularis</span> 
     </span>
     <span class='ocr_line' id='line_1_7' title="bbox 310 692 2164 747; baseline 0 -16"><span class='ocrx_word' id='word_1_48' title='bbox 310 692 438 731; x_wconf 84' lang='lat' dir='ltr'>lactea</span> <span class='ocrx_word' id='word_1_49' title='bbox 476 693 737 744; x_wconf 78' lang='lat' dir='ltr'>conspicitur.</span> <span class='ocrx_word' id='word_1_50' title='bbox 796 692 925 731; x_wconf 89' lang='lat' dir='ltr'>Pedes</span> <span class='ocrx_word' id='word_1_51' title='bbox 966 693 1180 732; x_wconf 67' lang='lat' dir='ltr'>normales.</span> <span class='ocrx_word' id='word_1_52' title='bbox 1241 693 1407 732; x_wconf 83' lang='lat' dir='ltr'>Femora</span> <span class='ocrx_word' id='word_1_53' title='bbox 1443 693 1709 747; x_wconf 68' lang='lat' dir='ltr'>ferruginea,</span> <span class='ocrx_word' id='word_1_54' title='bbox 1748 692 2013 731; x_wconf 75' lang='lat' dir='ltr'>anteriora</span> <span class='ocrx_word' id='word_1_55' title='bbox 2046 704 2164 731; x_wconf 85' lang='lat' dir='ltr'>cras-</span> 
     </span>
     <span class='ocr_line' id='line_1_8' title="bbox 310 764 2163 817; baseline -0.001 -14"><span class='ocrx_word' id='word_1_56' title='bbox 310 766 440 814; x_wconf 77' lang='lat' dir='ltr'>siora,</span> <span class='ocrx_word' id='word_1_57' title='bbox 479 764 609 804; x_wconf 80' lang='lat' dir='ltr'>onmia</span> <span class='ocrx_word' id='word_1_58' title='bbox 642 777 818 816; x_wconf 87' lang='lat' dir='ltr'>superne</span> <span class='ocrx_word' id='word_1_59' title='bbox 850 765 924 804; x_wconf 89' lang='lat' dir='ltr'>sub</span> <span class='ocrx_word' id='word_1_60' title='bbox 956 766 1068 817; x_wconf 89' lang='lat' dir='ltr'>apice</span> <span class='ocrx_word' id='word_1_61' title='bbox 1108 778 1196 804; x_wconf 88' lang='lat' dir='ltr'>cum</span> <span class='ocrx_word' id='word_1_62' title='bbox 1237 765 1333 803; x_wconf 84' lang='lat' dir='ltr'>stria</span> <span class='ocrx_word' id='word_1_63' title='bbox 1374 764 1506 813; x_wconf 84' lang='lat' dir='ltr'>fusca,</span> <span class='ocrx_word' id='word_1_64' title='bbox 1547 765 1849 815; x_wconf 76' lang='lat' dir='ltr'>posteriora</span> <span class='ocrx_word' id='word_1_65' title='bbox 1889 769 2007 803; x_wconf 81' lang='lat' dir='ltr'>extus</span> <span class='ocrx_word' id='word_1_66' title='bbox 2046 764 2163 803; x_wconf 81' lang='lat' dir='ltr'>dente</span> 
     </span>
     <span class='ocr_line' id='line_1_9' title="bbox 309 837 2166 891; baseline 0 -16"><span class='ocrx_word' id='word_1_67' title='bbox 309 837 476 876; x_wconf 87' lang='lat' dir='ltr'>normali</span> <span class='ocrx_word' id='word_1_68' title='bbox 518 841 690 886; x_wconf 89' lang='lat' dir='ltr'>armata,</span> <span class='ocrx_word' id='word_1_69' title='bbox 730 838 913 877; x_wconf 83' lang='lat' dir='ltr'>tenuiora</span> <span class='ocrx_word' id='word_1_70' title='bbox 953 838 1234 891; x_wconf 74' lang='lat' dir='ltr'>longioraque.</span> <span class='ocrx_word' id='word_1_71' title='bbox 1309 837 1446 875; x_wconf 84' lang='lat' dir='ltr'>Tibiae</span> <span class='ocrx_word' id='word_1_72' title='bbox 1495 837 1673 886; x_wconf 83' lang='lat' dir='ltr'>ciliatae,</span> <span class='ocrx_word' id='word_1_73' title='bbox 1719 837 1998 890; x_wconf 82' lang='lat' dir='ltr'>l&#39;errugineae,</span> <span class='ocrx_word' id='word_1_74' title='bbox 2036 838 2166 876; x_wconf 74' lang='lat' dir='ltr'>anticc-</span> 
     </span>
     <span class='ocr_line' id='line_1_10' title="bbox 309 908 2166 962; baseline 0.001 -16"><span class='ocrx_word' id='word_1_75' title='bbox 309 909 502 959; x_wconf 79' lang='lat' dir='ltr'>pallidae,</span> <span class='ocrx_word' id='word_1_76' title='bbox 541 911 697 961; x_wconf 89' lang='lat' dir='ltr'>postice</span> <span class='ocrx_word' id='word_1_77' title='bbox 729 910 889 959; x_wconf 82' lang='lat' dir='ltr'>fuscae,</span> <span class='ocrx_word' id='word_1_78' title='bbox 927 911 1178 962; x_wconf 77' lang='lat' dir='ltr'>posteriores</span> <span class='ocrx_word' id='word_1_79' title='bbox 1222 909 1323 948; x_wconf 87' lang='lat' dir='ltr'>duae</span> <span class='ocrx_word' id='word_1_80' title='bbox 1363 908 1510 947; x_wconf 90' lang='lat' dir='ltr'>annulo</span> <span class='ocrx_word' id='word_1_81' title='bbox 1550 909 1770 948; x_wconf 88' lang='lat' dir='ltr'>antebasali</span> <span class='ocrx_word' id='word_1_82' title='bbox 1808 909 1956 960; x_wconf 87' lang='lat' dir='ltr'>pallido</span> <span class='ocrx_word' id='word_1_83' title='bbox 1996 909 2166 957; x_wconf 81' lang='lat' dir='ltr'>cinctae,</span> 
     </span>
     <span class='ocr_line' id='line_1_11' title="bbox 308 980 2165 1036; baseline 0.001 -16"><span class='ocrx_word' id='word_1_84' title='bbox 308 981 495 1022; x_wconf 85' lang='lat' dir='ltr'>calcariis</span> <span class='ocrx_word' id='word_1_85' title='bbox 525 983 697 1034; x_wconf 84' lang='lat' dir='ltr'>pallidis.</span> <span class='ocrx_word' id='word_1_86' title='bbox 746 984 860 1023; x_wconf 89' lang='lat' dir='ltr'>Tarsi</span> <span class='ocrx_word' id='word_1_87' title='bbox 892 983 1091 1036; x_wconf 89' lang='lat' dir='ltr'>elongati,</span> <span class='ocrx_word' id='word_1_88' title='bbox 1124 994 1264 1021; x_wconf 87' lang='lat' dir='ltr'>omnes</span> <span class='ocrx_word' id='word_1_89' title='bbox 1297 981 1561 1029; x_wconf 82' lang='lat' dir='ltr'>concoloreS,</span> <span class='ocrx_word' id='word_1_90' title='bbox 1592 980 1740 1032; x_wconf 82' lang='lat' dir='ltr'>pallide</span> <span class='ocrx_word' id='word_1_91' title='bbox 1764 981 2009 1033; x_wconf 84' lang='lat' dir='ltr'>ferruginei,</span> <span class='ocrx_word' id='word_1_92' title='bbox 2042 983 2165 1033; x_wconf 88' lang='lat' dir='ltr'>quin—</span> 
     </span>
     <span class='ocr_line' id='line_1_12' title="bbox 309 1053 2166 1107; baseline 0 -14"><span class='ocrx_word' id='word_1_93' title='bbox 309 1055 641 1105; x_wconf 86' lang='lat' dir='ltr'>que-articulati,</span> <span class='ocrx_word' id='word_1_94' title='bbox 681 1061 897 1096; x_wconf 86' lang='lat' dir='ltr'>metatarso</span> <span class='ocrx_word' id='word_1_95' title='bbox 938 1055 1128 1107; x_wconf 85' lang='lat' dir='ltr'>(articulo</span> <span class='ocrx_word' id='word_1_96' title='bbox 1169 1056 1318 1106; x_wconf 89' lang='lat' dir='ltr'>primo)</span> <span class='ocrx_word' id='word_1_97' title='bbox 1357 1054 1572 1107; x_wconf 88' lang='lat' dir='ltr'>elongato;</span> <span class='ocrx_word' id='word_1_98' title='bbox 1618 1054 1656 1092; x_wconf 91' lang='lat' dir='ltr'>in</span> <span class='ocrx_word' id='word_1_99' title='bbox 1697 1053 1855 1093; x_wconf 89' lang='lat' dir='ltr'>duobus</span> <span class='ocrx_word' id='word_1_100' title='bbox 1895 1054 2166 1093; x_wconf 84' lang='lat' dir='ltr'>anterioribus</span> 
     </span>
     <span class='ocr_line' id='line_1_13' title="bbox 308 1126 2165 1179; baseline -0.001 -13"><span class='ocrx_word' id='word_1_101' title='bbox 308 1127 471 1168; x_wconf 89' lang='lat' dir='ltr'>ultimus</span> <span class='ocrx_word' id='word_1_102' title='bbox 503 1129 697 1168; x_wconf 88' lang='lat' dir='ltr'>articulus</span> <span class='ocrx_word' id='word_1_103' title='bbox 729 1133 929 1168; x_wconf 87' lang='lat' dir='ltr'>tarsorum</span> <span class='ocrx_word' id='word_1_104' title='bbox 961 1127 1500 1179; x_wconf 85' lang='lat' dir='ltr'>incrassato-triangularis,</span> <span class='ocrx_word' id='word_1_105' title='bbox 1542 1126 1590 1165; x_wconf 88' lang='lat' dir='ltr'>ad</span> <span class='ocrx_word' id='word_1_106' title='bbox 1622 1127 1883 1165; x_wconf 83' lang='lat' dir='ltr'>insertionem</span> <span class='ocrx_word' id='word_1_107' title='bbox 1918 1127 2165 1179; x_wconf 82' lang='lat' dir='ltr'>unguiculo-</span> 
     </span>
     <span class='ocr_line' id='line_1_14' title="bbox 308 1200 1721 1253; baseline -0.001 -14"><span class='ocrx_word' id='word_1_108' title='bbox 308 1212 394 1240; x_wconf 89' lang='lat' dir='ltr'>rum</span> <span class='ocrx_word' id='word_1_109' title='bbox 427 1213 532 1252; x_wconf 90' lang='lat' dir='ltr'>pone</span> <span class='ocrx_word' id='word_1_110' title='bbox 563 1202 752 1252; x_wconf 88' lang='lat' dir='ltr'>pulvillos</span> <span class='ocrx_word' id='word_1_111' title='bbox 785 1201 1031 1253; x_wconf 88' lang='lat' dir='ltr'>majusculos</span> <span class='ocrx_word' id='word_1_112' title='bbox 1064 1200 1168 1239; x_wconf 86' lang='lat' dir='ltr'>ciliis</span> <span class='ocrx_word' id='word_1_113' title='bbox 1198 1200 1455 1253; x_wconf 81' lang='lat' dir='ltr'>longioribus</span> <span class='ocrx_word' id='word_1_114' title='bbox 1487 1201 1721 1239; x_wconf 87' lang='lat' dir='ltr'>instructus.</span> 
     </span>
    </p>

    <p class='ocr_par' dir='ltr' id='par_1_3' title="bbox 309 1271 2168 1689">
     <span class='ocr_line' id='line_1_15' title="bbox 419 1271 2165 1329; baseline 0 -18"><span class='ocrx_word' id='word_1_115' title='bbox 419 1273 582 1329; x_wconf 30' lang='lat' dir='ltr'>ill-yson</span> <span class='ocrx_word' id='word_1_116' title='bbox 622 1273 887 1313; x_wconf 53' lang='lat' dir='ltr'>&amp;maculatus</span> <span class='ocrx_word' id='word_1_117' title='bbox 925 1274 1073 1312; x_wconf 71' lang='lat' dir='ltr'>Panz.</span> <span class='ocrx_word' id='word_1_118' title='bbox 1115 1272 1268 1321; x_wconf 83' lang='lat' dir='ltr'>(Revis.</span> <span class='ocrx_word' id='word_1_119' title='bbox 1297 1272 1343 1311; x_wconf 90' lang='grc' dir='ltr'>ΙΙ.</span> <span class='ocrx_word' id='word_1_120' title='bbox 1387 1271 1475 1313; x_wconf 76' lang='grc'><strong>170.</strong></span> <span class='ocrx_word' id='word_1_121' title='bbox 1531 1272 1650 1312; x_wconf 77' lang='lat' dir='ltr'>Faun.</span> <span class='ocrx_word' id='word_1_122' title='bbox 1683 1283 1810 1324; x_wconf 77' lang='lat' dir='ltr'>gerni.</span> <span class='ocrx_word' id='word_1_123' title='bbox 1836 1272 1901 1311; x_wconf 77' lang='grc'>51.</span> <span class='ocrx_word' id='word_1_124' title='bbox 1936 1272 2005 1321; x_wconf 69' lang='lat' dir='ltr'>lt),</span> <span class='ocrx_word' id='word_1_125' title='bbox 2051 1273 2165 1324; x_wconf 77' lang='lat' dir='ltr'>cujtis</span> 
     </span>
     <span class='ocr_line' id='line_1_16' title="bbox 311 1341 2166 1398; baseline -0.001 -13"><span class='ocrx_word' id='word_1_126' title='bbox 311 1350 457 1385; x_wconf 90' lang='lat' dir='ltr'>tantum</span> <span class='ocrx_word' id='word_1_127' title='bbox 490 1346 687 1386; x_wconf 78' lang='lat' dir='ltr'>foeminas</span> <span class='ocrx_word' id='word_1_128' title='bbox 717 1347 878 1385; x_wconf 85' lang='lat' dir='ltr'>viciniis</span> <span class='ocrx_word' id='word_1_129' title='bbox 908 1345 1072 1395; x_wconf 83' lang='lat' dir='ltr'>Vilnac,</span> <span class='ocrx_word' id='word_1_130' title='bbox 1102 1346 1267 1384; x_wconf 88' lang='lat' dir='ltr'>ineunte</span> <span class='ocrx_word' id='word_1_131' title='bbox 1300 1345 1487 1398; x_wconf 88' lang='lat' dir='ltr'>Augusto</span> <span class='ocrx_word' id='word_1_132' title='bbox 1521 1341 1642 1394; x_wconf 69' lang='lat'>1846,</span> <span class='ocrx_word' id='word_1_133' title='bbox 1674 1345 1711 1382; x_wconf 93' lang='lat' dir='ltr'>in</span> <span class='ocrx_word' id='word_1_134' title='bbox 1746 1343 1908 1383; x_wconf 65' lang='lat' dir='ltr'>Cardia)</span> <span class='ocrx_word' id='word_1_135' title='bbox 1939 1343 2166 1384; x_wconf 68' lang='lat' dir='ltr'>lanceolam</span> 
     </span>
     <span class='ocr_line' id='line_1_17' title="bbox 310 1416 2167 1470; baseline 0.001 -14"><span class='ocrx_word' id='word_1_136' title='bbox 310 1419 357 1456; x_wconf 83' lang='lat' dir='ltr'>ab</span> <span class='ocrx_word' id='word_1_137' title='bbox 389 1419 614 1469; x_wconf 90' lang='lat' dir='ltr'>Aphidibus</span> <span class='ocrx_word' id='word_1_138' title='bbox 646 1418 832 1458; x_wconf 88' lang='lat' dir='ltr'>infestato</span> <span class='ocrx_word' id='word_1_139' title='bbox 864 1420 978 1468; x_wconf 82' lang='lat' dir='ltr'>novi,</span> <span class='ocrx_word' id='word_1_140' title='bbox 1016 1418 1064 1457; x_wconf 88' lang='lat' dir='ltr'>ab</span> <span class='ocrx_word' id='word_1_141' title='bbox 1095 1417 1160 1456; x_wconf 68' lang='lat' dir='ltr'>Al.</span> <span class='ocrx_word' id='word_1_142' title='bbox 1191 1416 1405 1457; x_wconf 72' lang='lat' dir='ltr'>Perllze&#39;esc&#39;</span> <span class='ocrx_word' id='word_1_143' title='bbox 1438 1422 1600 1469; x_wconf 88' lang='lat' dir='ltr'>praeter</span> <span class='ocrx_word' id='word_1_144' title='bbox 1631 1417 1943 1470; x_wconf 81' lang='lat' dir='ltr'>magnitudinem</span> <span class='ocrx_word' id='word_1_145' title='bbox 1977 1418 2167 1470; x_wconf 74' lang='lat' dir='ltr'>maiorem</span> 
     </span>
     <span class='ocr_line' id='line_1_18' title="bbox 309 1489 2167 1543; baseline 0 -13"><span class='ocrx_word' id='word_1_146' title='bbox 309 1492 475 1540; x_wconf 86' lang='lat' dir='ltr'>(etenim</span> <span class='ocrx_word' id='word_1_147' title='bbox 506 1492 530 1532; x_wconf 81' lang='grc'><em>5</em></span> <span class='ocrx_word' id='word_1_148' title='bbox 554 1492 620 1531; x_wconf 89' lang='lat' dir='ltr'>lin.</span> <span class='ocrx_word' id='word_1_149' title='bbox 644 1492 740 1531; x_wconf 88' lang='lat' dir='ltr'>circ.</span> <span class='ocrx_word' id='word_1_150' title='bbox 772 1491 941 1543; x_wconf 85' lang='lat' dir='ltr'>longus)</span> <span class='ocrx_word' id='word_1_151' title='bbox 982 1491 1116 1530; x_wconf 80' lang='lat' dir='ltr'>differt</span> <span class='ocrx_word' id='word_1_152' title='bbox 1154 1490 1322 1542; x_wconf 89' lang='lat' dir='ltr'>insuper</span> <span class='ocrx_word' id='word_1_153' title='bbox 1352 1490 1428 1530; x_wconf 86' lang='lat' dir='ltr'>alia</span> <span class='ocrx_word' id='word_1_154' title='bbox 1466 1491 1618 1541; x_wconf 90' lang='lat' dir='ltr'>pictura</span> <span class='ocrx_word' id='word_1_155' title='bbox 1650 1491 1818 1541; x_wconf 84' lang='lat' dir='ltr'>partium</span> <span class='ocrx_word' id='word_1_156' title='bbox 1850 1489 2008 1541; x_wconf 86' lang='lat' dir='ltr'>alisque</span> <span class='ocrx_word' id='word_1_157' title='bbox 2040 1491 2167 1543; x_wconf 78' lang='lat' dir='ltr'>magis</span> 
     </span>
     <span class='ocr_line' id='line_1_19' title="bbox 309 1562 2168 1616; baseline 0.001 -15"><span class='ocrx_word' id='word_1_158' title='bbox 309 1563 528 1604; x_wconf 84' lang='lat' dir='ltr'>nebulosis.</span> <span class='ocrx_word' id='word_1_159' title='bbox 597 1565 724 1616; x_wconf 88' lang='lat' dir='ltr'>Hujus</span> <span class='ocrx_word' id='word_1_160' title='bbox 771 1568 1012 1603; x_wconf 90' lang='lat' dir='ltr'>metanotum</span> <span class='ocrx_word' id='word_1_161' title='bbox 1054 1564 1241 1603; x_wconf 84' lang='lat' dir='ltr'>distincte</span> <span class='ocrx_word' id='word_1_162' title='bbox 1282 1562 1764 1614; x_wconf 72' lang='lat' dir='ltr'>areolam-exsculptum</span> <span class='ocrx_word' id='word_1_163' title='bbox 1814 1567 1895 1613; x_wconf 88' lang='lat' dir='ltr'>est,</span> <span class='ocrx_word' id='word_1_164' title='bbox 1936 1567 2059 1602; x_wconf 87' lang='lat' dir='ltr'>totum</span> <span class='ocrx_word' id='word_1_165' title='bbox 2101 1565 2168 1603; x_wconf 91' lang='lat' dir='ltr'>ni·-</span> 
     </span>
     <span class='ocr_line' id='line_1_20' title="bbox 310 1636 937 1689; baseline 0.002 -14"><span class='ocrx_word' id='word_1_166' title='bbox 310 1649 448 1689; x_wconf 86' lang='lat' dir='ltr'>grum,</span> <span class='ocrx_word' id='word_1_167' title='bbox 480 1638 688 1689; x_wconf 84' lang='lat' dir='ltr'>pedesque</span> <span class='ocrx_word' id='word_1_168' title='bbox 722 1636 937 1676; x_wconf 81' lang='lat' dir='ltr'>fusciores.</span> 
     </span>
    </p>

    <p class='ocr_par' dir='ltr' id='par_1_4' title="bbox 310 1707 2171 2201">
     <span class='ocr_line' id='line_1_21' title="bbox 421 1707 2167 1765; baseline 0 -17"><span class='ocrx_word' id='word_1_169' title='bbox 421 1709 582 1765; x_wconf 28' lang='lat' dir='ltr'>ilfi-son</span> <span class='ocrx_word' id='word_1_170' title='bbox 600 1710 799 1762; x_wconf 59' lang='grc' dir='ltr'>ι[ιωταίιις</span> <span class='ocrx_word' id='word_1_171' title='bbox 832 1709 1020 1764; x_wconf 76' lang='lat' dir='ltr'>Lepell.</span> <span class='ocrx_word' id='word_1_172' title='bbox 1053 1712 1120 1750; x_wconf 70' lang='lat' dir='ltr'>St.</span> <span class='ocrx_word' id='word_1_173' title='bbox 1141 1709 1290 1764; x_wconf 72' lang='lat' dir='ltr'>Farg.</span> <span class='ocrx_word' id='word_1_174' title='bbox 1324 1708 1481 1763; x_wconf 60' lang='lat' dir='ltr'>(Splzex</span> <span class='ocrx_word' id='word_1_175' title='bbox 1500 1708 1676 1761; x_wconf 61' lang='lat' dir='ltr'>simoenta</span> <span class='ocrx_word' id='word_1_176' title='bbox 1697 1707 1848 1747; x_wconf 68' lang='lat' dir='ltr'>Pam.</span> <span class='ocrx_word' id='word_1_177' title='bbox 1896 1708 2016 1747; x_wconf 91' lang='lat' dir='ltr'>Faun.</span> <span class='ocrx_word' id='word_1_178' title='bbox 2039 1720 2167 1760; x_wconf 85' lang='lat' dir='ltr'>germ.</span> 
     </span>
     <span class='ocr_line' id='line_1_22' title="bbox 310 1780 2168 1835; baseline 0 -14"><span class='ocrx_word' id='word_1_179' title='bbox 310 1782 375 1822; x_wconf 75' lang='lat'>51.</span> <span class='ocrx_word' id='word_1_180' title='bbox 408 1780 474 1831; x_wconf 70' lang='lat'>3),</span> <span class='ocrx_word' id='word_1_181' title='bbox 514 1784 630 1835; x_wconf 77' lang='lat' dir='ltr'>cujiis</span> <span class='ocrx_word' id='word_1_182' title='bbox 669 1795 801 1821; x_wconf 86' lang='lat' dir='ltr'>mares</span> <span class='ocrx_word' id='word_1_183' title='bbox 842 1786 990 1822; x_wconf 86' lang='lat' dir='ltr'>tantum</span> <span class='ocrx_word' id='word_1_184' title='bbox 1033 1784 1144 1822; x_wconf 91' lang='lat' dir='ltr'>initio</span> <span class='ocrx_word' id='word_1_185' title='bbox 1176 1782 1272 1821; x_wconf 90' lang='lat' dir='ltr'>Julii</span> <span class='ocrx_word' id='word_1_186' title='bbox 1306 1780 1412 1823; x_wconf 71' lang='lat'>1846</span> <span class='ocrx_word' id='word_1_187' title='bbox 1452 1782 1490 1820; x_wconf 93' lang='lat' dir='ltr'>in</span> <span class='ocrx_word' id='word_1_188' title='bbox 1533 1781 1633 1820; x_wconf 85' lang='lat' dir='ltr'>silva</span> <span class='ocrx_word' id='word_1_189' title='bbox 1665 1780 1807 1819; x_wconf 82' lang='lat' dir='ltr'>Werki</span> <span class='ocrx_word' id='word_1_190' title='bbox 1839 1780 1997 1820; x_wconf 89' lang='lat' dir='ltr'>viciniis</span> <span class='ocrx_word' id='word_1_191' title='bbox 2030 1780 2168 1821; x_wconf 87' lang='lat' dir='ltr'>Vilnae</span> 
     </span>
     <span class='ocr_line' id='line_1_23' title="bbox 312 1853 2168 1908; baseline 0 -15"><span class='ocrx_word' id='word_1_192' title='bbox 312 1854 418 1907; x_wconf 84' lang='lat' dir='ltr'>legi,</span> <span class='ocrx_word' id='word_1_193' title='bbox 449 1855 710 1908; x_wconf 78' lang='lat' dir='ltr'>distinguitur</span> <span class='ocrx_word' id='word_1_194' title='bbox 741 1855 790 1894; x_wconf 87' lang='lat' dir='ltr'>ab</span> <span class='ocrx_word' id='word_1_195' title='bbox 824 1853 887 1894; x_wconf 63' lang='lat' dir='ltr'>Ac.</span> <span class='ocrx_word' id='word_1_196' title='bbox 911 1854 1125 1895; x_wconf 64' lang='lat' dir='ltr'>Perlhe&#39;esc·</span> <span class='ocrx_word' id='word_1_197' title='bbox 1159 1855 1299 1894; x_wconf 89' lang='lat' dir='ltr'>colore</span> <span class='ocrx_word' id='word_1_198' title='bbox 1330 1855 1508 1894; x_wconf 81' lang='lat' dir='ltr'>thoracis</span> <span class='ocrx_word' id='word_1_199' title='bbox 1539 1853 1992 1904; x_wconf 83' lang='lat' dir='ltr'>(a1·eolato-exsculpti)</span> <span class='ocrx_word' id='word_1_200' title='bbox 2024 1859 2063 1893; x_wconf 88' lang='lat' dir='ltr'>et</span> <span class='ocrx_word' id='word_1_201' title='bbox 2093 1854 2168 1893; x_wconf 88' lang='lat' dir='ltr'>ah-</span> 
     </span>
     <span class='ocr_line' id='line_1_24' title="bbox 313 1924 2168 1981; baseline 0.001 -16"><span class='ocrx_word' id='word_1_202' title='bbox 313 1928 484 1967; x_wconf 86' lang='lat' dir='ltr'>dominis</span> <span class='ocrx_word' id='word_1_203' title='bbox 515 1929 657 1981; x_wconf 88' lang='lat' dir='ltr'>nigro,</span> <span class='ocrx_word' id='word_1_204' title='bbox 689 1927 856 1967; x_wconf 91' lang='lat' dir='ltr'>maculis</span> <span class='ocrx_word' id='word_1_205' title='bbox 888 1928 1113 1967; x_wconf 84' lang='lat' dir='ltr'>abdominis</span> <span class='ocrx_word' id='word_1_206' title='bbox 1146 1928 1395 1968; x_wconf 87' lang='lat' dir='ltr'>normalibus</span> <span class='ocrx_word' id='word_1_207' title='bbox 1427 1924 1888 1978; x_wconf 74' lang='lat' dir='ltr'>circula1·ibuS,Jlacis,</span> <span class='ocrx_word' id='word_1_208' title='bbox 1920 1939 1996 1965; x_wconf 90' lang='lat' dir='ltr'>ano</span> <span class='ocrx_word' id='word_1_209' title='bbox 2027 1926 2168 1967; x_wconf 83' lang='lat' dir='ltr'>ferru—</span> 
     </span>
     <span class='ocr_line' id='line_1_25' title="bbox 311 1998 2168 2054; baseline 0.001 -16"><span class='ocrx_word' id='word_1_210' title='bbox 311 2002 453 2053; x_wconf 86' lang='lat' dir='ltr'>gineo,</span> <span class='ocrx_word' id='word_1_211' title='bbox 484 2002 739 2053; x_wconf 86' lang='lat' dir='ltr'>pedibusque</span> <span class='ocrx_word' id='word_1_212' title='bbox 772 2000 1152 2054; x_wconf 83' lang='lat' dir='ltr'>ssavo—variegatis.</span> <span class='ocrx_word' id='word_1_213' title='bbox 1185 2025 1237 2029; x_wconf 43' lang='grc' dir='ltr'>-ω</span> <span class='ocrx_word' id='word_1_214' title='bbox 1297 2001 1445 2039; x_wconf 80' lang='lat' dir='ltr'>Puncta</span> <span class='ocrx_word' id='word_1_215' title='bbox 1478 2000 1556 2039; x_wconf 90' lang='lat' dir='ltr'>duo</span> <span class='ocrx_word' id='word_1_216' title='bbox 1589 1998 1845 2047; x_wconf 83' lang='lat' dir='ltr'>scutellaria,</span> <span class='ocrx_word' id='word_1_217' title='bbox 1882 1998 2002 2048; x_wconf 75' lang='lat' dir='ltr'>flava,</span> <span class='ocrx_word' id='word_1_218' title='bbox 2035 2001 2168 2039; x_wconf 77' lang='lat' dir='ltr'>minu—</span> 
     </span>
     <span class='ocr_line' id='line_1_26' title="bbox 312 2070 2171 2127; baseline 0.001 -16"><span class='ocrx_word' id='word_1_219' title='bbox 312 2074 463 2113; x_wconf 86' lang='lat' dir='ltr'>tissima</span> <span class='ocrx_word' id='word_1_220' title='bbox 496 2078 535 2113; x_wconf 85' lang='lat' dir='ltr'>et</span> <span class='ocrx_word' id='word_1_221' title='bbox 565 2074 658 2113; x_wconf 89' lang='lat' dir='ltr'>huic</span> <span class='ocrx_word' id='word_1_222' title='bbox 690 2073 845 2113; x_wconf 81' lang='lat' dir='ltr'>adsunt.</span> <span class='ocrx_word' id='word_1_223' title='bbox 906 2073 1220 2127; x_wconf 82' lang='lat' dir='ltr'>Magnitudinem</span> <span class='ocrx_word' id='word_1_224' title='bbox 1262 2073 1382 2112; x_wconf 85' lang='lat' dir='ltr'>habet</span> <span class='ocrx_word' id='word_1_225' title='bbox 1411 2072 1473 2112; x_wconf 35' lang='lat' dir='ltr'>ill.</span> <span class='ocrx_word' id='word_1_226' title='bbox 1508 2070 1739 2111; x_wconf 68' lang='lat' dir='ltr'>Perllte&#39;esi.</span> <span class='ocrx_word' id='word_1_227' title='bbox 1781 2071 1852 2111; x_wconf 88' lang='lat' dir='ltr'>scd</span> <span class='ocrx_word' id='word_1_228' title='bbox 1893 2071 1979 2111; x_wconf 85' lang='lat' dir='ltr'>alae</span> <span class='ocrx_word' id='word_1_229' title='bbox 2011 2074 2171 2113; x_wconf 91' lang='lat' dir='ltr'>omnino</span> 
     </span>
     <span class='ocr_line' id='line_1_27' title="bbox 312 2145 516 2201; baseline 0.015 -18"><span class='ocrx_word' id='word_1_230' title='bbox 312 2145 516 2201; x_wconf 57' lang='lat' dir='ltr'>livallnae.</span> 
     </span>
    </p>

    <p class='ocr_par' dir='ltr' id='par_1_5' title="bbox 316 2217 2173 2562">
     <span class='ocr_line' id='line_1_28' title="bbox 424 2217 2172 2275; baseline 0 -17"><span class='ocrx_word' id='word_1_231' title='bbox 424 2219 587 2275; x_wconf 55' lang='lat' dir='ltr'>Alf-son</span> <span class='ocrx_word' id='word_1_232' title='bbox 619 2219 783 2259; x_wconf 69' lang='lat' dir='ltr'>iricolor</span> <span class='ocrx_word' id='word_1_233' title='bbox 807 2217 1208 2259; x_wconf 72' lang='lat' dir='ltr'>l&#39;amlerlindenc&#39;</span> <span class='ocrx_word' id='word_1_234' title='bbox 1237 2220 1375 2270; x_wconf 86' lang='lat' dir='ltr'>(etiam</span> <span class='ocrx_word' id='word_1_235' title='bbox 1398 2220 1591 2268; x_wconf 84' lang='lat' dir='ltr'>foemina)</span> <span class='ocrx_word' id='word_1_236' title='bbox 1614 2218 1834 2258; x_wconf 86' lang='lat' dir='ltr'>secundum</span> <span class='ocrx_word' id='word_1_237' title='bbox 1860 2218 2172 2269; x_wconf 82' lang='lat' dir='ltr'>descriptionem</span> 
     </span>
     <span class='ocr_line' id='line_1_29' title="bbox 317 2290 2171 2347; baseline 0.002 -19"><span class='ocrx_word' id='word_1_238' title='bbox 317 2304 337 2329; x_wconf 86' lang='lat' dir='ltr'>a</span> <span class='ocrx_word' id='word_1_239' title='bbox 358 2290 668 2344; x_wconf 73' lang='lat' dir='ltr'>Lepelleiier</span> <span class='ocrx_word' id='word_1_240' title='bbox 699 2290 1022 2347; x_wconf 73' lang='lat' dir='ltr'>St.ffargeau</span> <span class='ocrx_word' id='word_1_241' title='bbox 1054 2292 1311 2345; x_wconf 77' lang='lat' dir='ltr'>(Hymenopt.</span> <span class='ocrx_word' id='word_1_242' title='bbox 1334 2292 1401 2332; x_wconf 86' lang='grc' dir='ltr'><strong>ΙΙΙ.</strong></span> <span class='ocrx_word' id='word_1_243' title='bbox 1432 2290 1504 2342; x_wconf 75' lang='lat'>89)</span> <span class='ocrx_word' id='word_1_244' title='bbox 1545 2291 1767 2331; x_wconf 86' lang='lat' dir='ltr'>inchoatam</span> <span class='ocrx_word' id='word_1_245' title='bbox 1801 2290 1934 2330; x_wconf 84' lang='lat' dir='ltr'>differt</span> <span class='ocrx_word' id='word_1_246' title='bbox 1961 2304 1982 2330; x_wconf 89' lang='lat' dir='ltr'>a</span> <span class='ocrx_word' id='word_1_247' title='bbox 2012 2296 2171 2331; x_wconf 86' lang='lat' dir='ltr'>nostro:</span> 
     </span>
     <span class='ocr_line' id='line_1_30' title="bbox 316 2361 2171 2418; baseline 0.001 -16"><span class='ocrx_word' id='word_1_248' title='bbox 316 2380 353 2402; x_wconf 78' lang='lat' dir='ltr'>a.</span> <span class='ocrx_word' id='word_1_249' title='bbox 386 2365 659 2416; x_wconf 86' lang='lat' dir='ltr'>magnitudine</span> <span class='ocrx_word' id='word_1_250' title='bbox 690 2365 843 2416; x_wconf 82' lang='lat' dir='ltr'>majore</span> <span class='ocrx_word' id='word_1_251' title='bbox 875 2364 1022 2414; x_wconf 84' lang='lat' dir='ltr'>(lineas</span> <span class='ocrx_word' id='word_1_252' title='bbox 1054 2366 1160 2404; x_wconf 90' lang='lat' dir='ltr'>enim</span> <span class='ocrx_word' id='word_1_253' title='bbox 1182 2363 1207 2406; x_wconf 81' lang='lat'>6</span> <span class='ocrx_word' id='word_1_254' title='bbox 1228 2365 1476 2416; x_wconf 86' lang='lat' dir='ltr'>parisienses</span> <span class='ocrx_word' id='word_1_255' title='bbox 1498 2364 1645 2416; x_wconf 83' lang='lat' dir='ltr'>longus</span> <span class='ocrx_word' id='word_1_256' title='bbox 1668 2368 1771 2412; x_wconf 83' lang='lat' dir='ltr'>est);</span> <span class='ocrx_word' id='word_1_257' title='bbox 1802 2361 1837 2402; x_wconf 74' lang='grc' dir='ltr'>Ῐι.</span> <span class='ocrx_word' id='word_1_258' title='bbox 1859 2363 2025 2404; x_wconf 87' lang='lat' dir='ltr'>thorace</span> <span class='ocrx_word' id='word_1_259' title='bbox 2045 2378 2171 2418; x_wconf 75' lang='lat' dir='ltr'>Supra</span> 
     </span>
     <span class='ocr_line' id='line_1_31' title="bbox 317 2435 2173 2490; baseline 0.001 -15"><span class='ocrx_word' id='word_1_260' title='bbox 317 2436 592 2487; x_wconf 84' lang='lat' dir='ltr'>lateribusque</span> <span class='ocrx_word' id='word_1_261' title='bbox 631 2437 888 2490; x_wconf 64' lang='lat' dir='ltr'>ferruginem</span> <span class='ocrx_word' id='word_1_262' title='bbox 940 2452 974 2476; x_wconf 69' lang='lat' dir='ltr'>e.</span> <span class='ocrx_word' id='word_1_263' title='bbox 1014 2437 1179 2476; x_wconf 87' lang='lat' dir='ltr'>maculis</span> <span class='ocrx_word' id='word_1_264' title='bbox 1219 2436 1539 2477; x_wconf 86' lang='lat' dir='ltr'>abdominalibus</span> <span class='ocrx_word' id='word_1_265' title='bbox 1578 2435 1813 2478; x_wconf 60' lang='lat' dir='ltr'>sabotam,-</span> <span class='ocrx_word' id='word_1_266' title='bbox 1858 2435 1896 2477; x_wconf 76' lang='lat' dir='ltr'>d.</span> <span class='ocrx_word' id='word_1_267' title='bbox 1937 2449 2011 2476; x_wconf 89' lang='lat' dir='ltr'>ano</span> <span class='ocrx_word' id='word_1_268' title='bbox 2054 2448 2173 2488; x_wconf 81' lang='lat' dir='ltr'>supra</span> 
     </span>
     <span class='ocr_line' id='line_1_32' title="bbox 321 2509 1853 2562; baseline 0.001 -14"><span class='ocrx_word' id='word_1_269' title='bbox 321 2509 556 2562; x_wconf 82' lang='lat' dir='ltr'>lerrugineo</span> <span class='ocrx_word' id='word_1_270' title='bbox 588 2513 627 2548; x_wconf 84' lang='lat' dir='ltr'>et</span> <span class='ocrx_word' id='word_1_271' title='bbox 657 2525 688 2550; x_wconf 74' lang='lat' dir='ltr'>e.</span> <span class='ocrx_word' id='word_1_272' title='bbox 720 2510 891 2561; x_wconf 89' lang='lat' dir='ltr'>pedibus</span> <span class='ocrx_word' id='word_1_273' title='bbox 925 2510 1066 2548; x_wconf 88' lang='lat' dir='ltr'>anticis</span> <span class='ocrx_word' id='word_1_274' title='bbox 1098 2509 1266 2559; x_wconf 90' lang='lat' dir='ltr'>albidis,</span> <span class='ocrx_word' id='word_1_275' title='bbox 1299 2522 1419 2561; x_wconf 84' lang='lat' dir='ltr'>supra</span> <span class='ocrx_word' id='word_1_276' title='bbox 1451 2509 1771 2562; x_wconf 81' lang='lat' dir='ltr'>nigro-linealis.</span> <span class='ocrx_word' id='word_1_277' title='bbox 1804 2533 1853 2538; x_wconf 71' lang='lat'>—-</span> 
     </span>
    </p>
   </div>
   <div class='ocr_carea' id='block_1_3' title="bbox 321 2664 2176 3169">
    <p class='ocr_par' dir='ltr' id='par_1_6' title="bbox 321 2664 2176 3169">
     <span class='ocr_line' id='line_1_33' title="bbox 823 2664 1660 2730; baseline 0.001 -18"><span class='ocrx_word' id='word_1_278' title='bbox 823 2666 1110 2730; x_wconf 82' lang='lat' dir='ltr'>Explicatio</span> <span class='ocrx_word' id='word_1_279' title='bbox 1147 2664 1378 2714; x_wconf 81' lang='lat' dir='ltr'>Tabulae</span> <span class='ocrx_word' id='word_1_280' title='bbox 1406 2668 1470 2712; x_wconf 86' lang='lat'>11.</span> <span class='ocrx_word' id='word_1_281' title='bbox 1506 2665 1590 2730; x_wconf 81' lang='lat' dir='ltr'>fig.</span> <span class='ocrx_word' id='word_1_282' title='bbox 1615 2666 1660 2715; x_wconf 78' lang='grc'>2.</span> 
     </span>
     <span class='ocr_line' id='line_1_34' title="bbox 321 2754 1361 2809; baseline 0.001 -16"><span class='ocrx_word' id='word_1_283' title='bbox 321 2756 404 2809; x_wconf 85' lang='lat' dir='ltr'>Fig.</span> <span class='ocrx_word' id='word_1_284' title='bbox 426 2755 464 2795; x_wconf 77' lang='lat'>2.</span> <span class='ocrx_word' id='word_1_285' title='bbox 510 2756 710 2795; x_wconf 87' lang='lat' dir='ltr'>Insectum</span> <span class='ocrx_word' id='word_1_286' title='bbox 742 2754 856 2793; x_wconf 69' lang='lat' dir='ltr'>valde</span> <span class='ocrx_word' id='word_1_287' title='bbox 888 2756 1160 2808; x_wconf 85' lang='lat' dir='ltr'>magnitudine</span> <span class='ocrx_word' id='word_1_288' title='bbox 1191 2761 1361 2795; x_wconf 86' lang='lat' dir='ltr'>auctum.</span> 
     </span>
     <span class='ocr_line' id='line_1_35' title="bbox 405 2828 795 2868; baseline -0.003 -2"><span class='ocrx_word' id='word_1_289' title='bbox 405 2842 441 2866; x_wconf 82' lang='lat' dir='ltr'>a.</span> <span class='ocrx_word' id='word_1_290' title='bbox 488 2828 671 2868; x_wconf 89' lang='lat' dir='ltr'>Antenna</span> <span class='ocrx_word' id='word_1_291' title='bbox 702 2831 795 2866; x_wconf 89' lang='lat' dir='ltr'>tota.</span> 
     </span>
     <span class='ocr_line' id='line_1_36' title="bbox 406 2899 2174 2955; baseline 0 -14"><span class='ocrx_word' id='word_1_292' title='bbox 406 2899 439 2941; x_wconf 74' lang='lat' dir='ltr'>lt.</span> <span class='ocrx_word' id='word_1_293' title='bbox 486 2901 561 2940; x_wconf 86' lang='lat' dir='ltr'>Pes</span> <span class='ocrx_word' id='word_1_294' title='bbox 592 2902 796 2952; x_wconf 83' lang='lat' dir='ltr'>posterior</span> <span class='ocrx_word' id='word_1_295' title='bbox 826 2905 933 2939; x_wconf 87' lang='lat' dir='ltr'>totus</span> <span class='ocrx_word' id='word_1_296' title='bbox 966 2913 1053 2941; x_wconf 82' lang='lat' dir='ltr'>cuin</span> <span class='ocrx_word' id='word_1_297' title='bbox 1087 2914 1208 2952; x_wconf 80' lang='lat' dir='ltr'>coxa,</span> <span class='ocrx_word' id='word_1_298' title='bbox 1240 2902 1521 2953; x_wconf 80' lang='lat' dir='ltr'>trochantcre,</span> <span class='ocrx_word' id='word_1_299' title='bbox 1555 2904 1722 2955; x_wconf 84' lang='lat' dir='ltr'>patella,</span> <span class='ocrx_word' id='word_1_300' title='bbox 1758 2903 1928 2951; x_wconf 79' lang='lat' dir='ltr'>femore,</span> <span class='ocrx_word' id='word_1_301' title='bbox 1963 2903 2055 2942; x_wconf 87' lang='lat' dir='ltr'>tibia</span> <span class='ocrx_word' id='word_1_302' title='bbox 2087 2902 2174 2942; x_wconf 62' lang='lat' dir='ltr'>calm</span> 
     </span>
     <span class='ocr_line' id='line_1_37' title="bbox 491 2968 1812 3013; baseline 0 -1"><span class='ocrx_word' id='word_1_303' title='bbox 491 2986 584 3013; x_wconf 86' lang='lat' dir='ltr'>care</span> <span class='ocrx_word' id='word_1_304' title='bbox 616 2979 765 3013; x_wconf 87' lang='lat' dir='ltr'>armata</span> <span class='ocrx_word' id='word_1_305' title='bbox 798 2978 836 3012; x_wconf 89' lang='lat' dir='ltr'>et</span> <span class='ocrx_word' id='word_1_306' title='bbox 864 2978 985 3013; x_wconf 82' lang='lat' dir='ltr'>tarso.</span> <span class='ocrx_word' id='word_1_307' title='bbox 1800 2968 1812 2971; x_wconf 10' lang='grc' dir='ltr'>μ’</span> 
     </span>
     <span class='ocr_line' id='line_1_38' title="bbox 410 3047 2176 3100; baseline 0 -15"><span class='ocrx_word' id='word_1_308' title='bbox 410 3062 439 3083; x_wconf 67' lang='lat' dir='ltr'>r.</span> <span class='ocrx_word' id='word_1_309' title='bbox 494 3048 608 3097; x_wconf 78' lang='lat' dir='ltr'>Apex</span> <span class='ocrx_word' id='word_1_310' title='bbox 641 3047 758 3085; x_wconf 84' lang='lat' dir='ltr'>libiae</span> <span class='ocrx_word' id='word_1_311' title='bbox 791 3047 1006 3085; x_wconf 80' lang='lat' dir='ltr'>anterioris·</span> <span class='ocrx_word' id='word_1_312' title='bbox 1038 3059 1127 3085; x_wconf 87' lang='lat' dir='ltr'>cum</span> <span class='ocrx_word' id='word_1_313' title='bbox 1156 3047 1314 3085; x_wconf 86' lang='lat' dir='ltr'>calcare</span> <span class='ocrx_word' id='word_1_314' title='bbox 1338 3052 1376 3085; x_wconf 84' lang='lat' dir='ltr'>ct</span> <span class='ocrx_word' id='word_1_315' title='bbox 1399 3051 1520 3097; x_wconf 70' lang='lat' dir='ltr'>tarso,</span> <span class='ocrx_word' id='word_1_316' title='bbox 1553 3053 1588 3087; x_wconf 88' lang='lat' dir='ltr'>ut</span> <span class='ocrx_word' id='word_1_317' title='bbox 1616 3049 1731 3100; x_wconf 73' lang='lat' dir='ltr'>hujus·</span> <span class='ocrx_word' id='word_1_318' title='bbox 1755 3048 1948 3088; x_wconf 79' lang='lat' dir='ltr'>articulus</span> <span class='ocrx_word' id='word_1_319' title='bbox 1972 3053 2176 3087; x_wconf 70' lang='lat' dir='ltr'>extremus</span> 
     </span>
     <span class='ocr_line' id='line_1_39' title="bbox 494 3119 1413 3169; baseline 0.001 -13"><span class='ocrx_word' id='word_1_320' title='bbox 494 3119 638 3158; x_wconf 85' lang='lat' dir='ltr'>melius</span> <span class='ocrx_word' id='word_1_321' title='bbox 671 3120 709 3158; x_wconf 91' lang='lat' dir='ltr'>in</span> <span class='ocrx_word' id='word_1_322' title='bbox 742 3124 1003 3169; x_wconf 76' lang='lat' dir='ltr'>conspectum</span> <span class='ocrx_word' id='word_1_323' title='bbox 1035 3120 1187 3159; x_wconf 59' lang='lat' dir='ltr'>veniat,</span> <span class='ocrx_word' id='word_1_324' title='bbox 1221 3119 1413 3169; x_wconf 83' lang='lat' dir='ltr'>depictus.</span> 
     </span>
    </p>
   </div>
  </div>
 </body>
</html>
