2259 3506
792 201 1200 251 —135—

70 334 204 373 larvae
237 334 367 373 habet.
428 334 585 385 Corpus
617 336 830 388 insigniter
861 336 1117 390 elongatum,
1148 338 1316 377 lineare.
1378 338 1503 389 Caput
1534 339 1710 379 obscure
1736 342 1928 393 griseum.

70 404 185 444 Oculi
218 406 336 458 nigri.
397 405 587 445 Rostrum
619 406 790 446 fuscum.
850 407 1067 448 Pronotum
1100 414 1139 448 et
1170 410 1506 461 liemielytrorum
1536 410 1785 461 rudimenta,
1822 425 1928 464 pun-

69 481 193 526 ctata,
224 478 381 530 grisea,
414 481 532 516 extus
563 478 923 531 albo-marginata.
985 479 1206 519 Soutellum
1239 493 1427 533 parvum,
1459 482 1665 521 concolor.
1716 483 1929 523 Antenna-

68 559 155 586 rum
187 548 382 588 articulus
414 549 568 599 primus
598 553 707 588 totus
739 551 877 602 niger,
909 550 1116 590 secundus
1149 556 1189 590 et
1219 553 1362 592 tertius
1394 554 1500 605 nigri
1531 554 1665 593 medio
1696 554 1775 593 late
1807 555 1928 594 albo-

53 619 264 668 vannulati,
297 624 466 670 quartus
498 621 617 659 tertio
651 632 791 671 parum
822 620 1005 673 longior,
1037 621 1165 661 rufus.
1216 623 1430 663 Abdomen
1461 636 1582 676 supra
1614 626 1795 679 griseum
1827 627 1929 666 sub-

68 694 131 729 tus
161 695 201 729 et
233 691 281 729 ad
312 691 438 730 latera
469 692 551 741 (uti
583 692 622 730 in
655 692 894 743 quibusdam
927 691 1242 746 &wli-omanis)
1274 694 1549 735 cinerascens.
1616 697 1821 750 Margines
1852 699 1929 737 ab-

67 760 239 802 dominis
271 762 375 813 apud
406 774 540 801 mares
571 762 689 801 valde
720 762 887 812 elevati,
919 763 1049 802 minus
1081 763 1121 802 in
1152 763 1342 803 foemina.
1388 766 1519 805 Pedes
1550 767 1710 808 breves.
1760 769 1932 809 Femora

66 835 200 873 omnia
232 835 368 886 nigra,
407 832 656 882 fusiformia,
697 834 855 884 postica
886 834 1159 887 longiuscula.
1219 835 1358 875 Tibiae
1390 837 1567 888 pilosae,
1606 839 1785 890 albidae,
1816 842 1931 893 apice

65 906 223 958 nigrae.
282 905 397 943 Tarsi
429 903 548 944 fusci.
610 904 734 944 Color
765 905 936 956 partium
967 905 1007 944 in
1037 906 1140 944 vivis
1172 905 1320 956 pallide
1352 906 1503 957 ssaVUS,
1541 910 1581 948 in
1612 913 1780 951 mortuis
1811 912 1931 952 facile

66 977 181 1016 albus
212 975 358 1015 evadit.

177 1048 263 1087 Etsi
295 1051 446 1087 statura
478 1052 518 1087 et
548 1047 824 1100 magnitudine
856 1049 1071 1087 conveniat
1101 1061 1153 1087 ex
1173 1053 1286 1099 parte
1310 1061 1399 1088 cum
1420 1049 1699 1106 Hydromelra
1710 1053 1932 1107 paludum,

66 1118 202 1159 differt
231 1123 365 1158 tamen
395 1119 444 1158 ab
476 1119 567 1171 ejus
598 1131 703 1170 pupa
736 1118 870 1158 multis
903 1120 1030 1168 notis,
1064 1120 1242 1160 scilicet:
1275 1123 1460 1161 antennis
1492 1123 1634 1174 pilosis
1666 1124 1934 1177 longioribus,

65 1190 128 1231 bis
160 1190 251 1230 albo
283 1189 484 1240 fasciatis,
514 1190 685 1230 articulo
716 1190 878 1238 ultimo,
910 1189 1172 1243 ferrugineo,
1203 1193 1367 1244 majori3
1407 1197 1543 1232 rostro
1575 1195 1739 1234 minime
1770 1201 1934 1236 arcuato

66 1267 106 1302 et
134 1262 238 1302 ultra
269 1262 493 1301 seeundum
525 1273 598 1313 par
618 1262 788 1313 pedum,
820 1266 1051 1313 protract03
1082 1263 1323 1303 rudimentis
1346 1264 1679 1316 hemielytrorum
1702 1272 1819 1308 extus
1843 1269 1934 1308 albo

66 1334 321 1387 marginatis,
352 1333 633 1383 brevioribus,
665 1334 796 1374 antioe
828 1334 992 1372 minime
1023 1336 1205 1374 remotis.
1261 1335 1479 1376 Praeterea
1510 1335 1666 1376 femora
1696 1339 1813 1392 nigra
1845 1344 1936 1379 sunt

66 1410 106 1444 et
143 1406 368 1454 crassiora,
412 1405 534 1444 tibiae
573 1404 710 1454 albae,
756 1404 957 1444 abdomen
1000 1418 1121 1457 supra
1161 1411 1426 1457 excavatum,
1476 1409 1727 1461 marginibus
1764 1411 1934 1451 elevatis

66 1478 217 1527 acutis,
248 1481 391 1516 venter
421 1488 631 1516 convexus
664 1477 848 1529 griseus,
880 1489 956 1516 nec
989 1478 1362 1518 sericeo-albicans
1394 1483 1471 1518 etc.

66 1633 190 1680 Gen.
225 1631 392 1679 XVII.
463 1630 905 1678 CHOROSOMA
936 1636 1072 1677 Curtis
1101 1638 1198 1678 Brit.
1221 1637 1310 1679 Ent.
1331 1638 1420 1677 Vol.
1441 1638 1522 1678 VII.
1546 1638 1696 1690 (1830)
1718 1641 1813 1681 Tab.
1830 1640 1933 1689 297;

519 1713 710 1769 Myrmus
740 1713 877 1753 Burm.
900 1714 1054 1754 Handb.
1078 1716 1115 1755 d.
1136 1715 1225 1755 Ent.
1249 1716 1296 1757 ΙΙ.
1319 1715 1413 1758 312.
1435 1715 1474 1757 8.

67 1819 184 1859 Char.
215 1825 292 1860 art.
352 1818 478 1871 Caput
509 1819 772 1871 triangulare.
832 1819 1042 1860 Antennae
1073 1821 1251 1872 pilosae,
1283 1821 1407 1874 longe
1443 1827 1533 1861 ante
1566 1823 1710 1863 oculos
1741 1825 1931 1871 insertae,

264 1890 446 1931 articulis
467 1890 711 1930 hasilaribus
733 1890 962 1942 parallelis,
993 1892 1196 1943 robustis,
1219 1894 1470 1933 incrassatis.
1516 1895 1732 1934 Pronotum
1758 1897 1930 1934 conico-

263 1961 550 2013 trapezoidale.
627 1963 849 2002 Soutellum
889 1963 1161 2015 triangulare,
1209 1976 1389 2015 parvum.
1463 1965 1711 2018 Hemielytra
1750 1968 1931 2006 semico-

266 2035 423 2081 riacea,
453 2033 678 2084 pellucida,
725 2033 940 2073 abdomine
972 2035 1182 2083 breviora,
1215 2037 1328 2074 corio
1359 2035 1485 2077 4-5
1516 2039 1652 2087 nervi,
1699 2039 1932 2079 membrana

263 2104 536 2145 multinervia:
580 2106 717 2144 nervis
759 2105 970 2144 obsoletis.
1030 2106 1245 2145 Abdomen
1276 2107 1453 2157 lineare,
1494 2109 1740 2161 elongatum.
1800 2111 1931 2151 Pedes

262 2181 420 2216 tenues.
480 2176 650 2215 Femora
690 2188 769 2215 non
809 2178 1044 2217 incrassata.
1106 2178 1263 2229 Corpus
1302 2179 1464 2219 nudum.
1497 2204 1549 2208 —
1586 2180 1696 2219 Inter
1732 2180 1854 2235 hujus
1892 2187 1931 2221 et

263 2248 470 2302 sequentis
500 2247 748 2296 Divisionis,
773 2262 912 2302 genus
941 2248 1017 2288 lzoe
1049 2250 1210 2288 omnino
1243 2249 1420 2289 medium
1450 2251 1583 2290 locum
1614 2257 1730 2292 tenet.

177 2335 299 2377 Char.
330 2341 413 2375 nat.
472 2336 599 2387 Caput
628 2335 901 2388 triangulare,
940 2337 979 2375 in
1012 2336 1185 2376 frontem
1224 2338 1330 2377 inter
1360 2343 1576 2389 antennas,
1620 2340 1828 2390 obtusum,
1868 2342 1928 2379 in-

64 2409 322 2465 tegerrimum
352 2408 613 2460 productum,
652 2407 747 2446 lobo
787 2408 920 2447 medio
960 2408 1090 2460 clypei
1129 2410 1261 2448 antice
1293 2410 1516 2464 apiculam.
1576 2411 1789 2451 Antennae
1819 2413 1928 2463 pilo-

64 2494 154 2530 sae,
191 2479 523 2528 4-articulatae,
563 2479 689 2531 pedes
727 2480 883 2519 anticos
922 2480 1197 2530 excedentes,
1244 2482 1469 2521 tuberculis
1508 2483 1744 2521 lateralibus
1784 2484 1929 2535 clypei,

63 2553 189 2609 longe
218 2557 313 2591 ante
344 2549 485 2590 oculos
517 2551 709 2590 insertae.
768 2551 940 2590 Articuli
981 2556 1244 2591 antennarum
1284 2553 1363 2593 duo
1394 2555 1512 2604 primi
1542 2553 1726 2603 paralleli
1757 2554 1929 2604 robusti,

62 2625 299 2673 incrassati,
330 2623 418 2662 basi
451 2623 670 2662 introrsum
697 2624 908 2672 attenuati,
941 2624 1098 2677 apicem
1120 2623 1256 2679 clypei
1273 2623 1398 2679 longe
1419 2625 1690 2672 excedente53
1721 2625 1928 2665 secundus

60 2696 354 2752 longissimus,
402 2693 807 2748 elongato—conieus
851 2709 1016 2734 sursum
1063 2700 1324 2743 attenuatus:
1372 2696 1515 2734 tertius
1562 2695 1743 2735 secundo
1787 2709 1928 2748 parum

59 2768 227 2808 brevior
271 2771 311 2806 et
354 2767 538 2815 tenuior,
588 2770 756 2818 quartus
801 2767 920 2806 tertio
966 2766 1153 2815 brevior,
1199 2766 1468 2817 eylindricus,
1514 2765 1619 2805 haud
1664 2768 1929 2808 incrassatus.

60 2839 251 2879 Rostrum
281 2837 613 2887 4-articulatum,
644 2842 791 2887 tenue,
821 2838 1075 2889 pubescens,
1106 2837 1233 2888 pedes
1264 2838 1447 2889 posticos
1480 2838 1696 2890 attingens.
1755 2839 1927 2879 Labrum

60 2912 231 2964 vaginae
261 2911 386 2950 rostri
417 2910 588 2949 articulo
619 2911 749 2961 primo
781 2909 973 2962 longius,
1008 2910 1262 2961 pubescenS,
1300 2909 1387 2948 basi
1417 2909 1634 2959 tumidum,
1674 2911 1788 2961 apice
1819 2915 1927 2950 atte—

61 2986 246 3031 nuatum,
277 2985 451 3021 acutum.
502 2981 619 3021 Oculi
650 2981 862 3031 laterales,
894 2981 1076 3034 globosi,
1105 2980 1397 3031 prominentes.
1449 2980 1578 3020 Ocelli
1611 2982 1689 3021 duo
1722 2982 1762 3020 in
1792 2982 1926 3022 medio

59 3054 257 3104 occipitis.
317 3053 534 3092 Pronotum
572 3053 826 3107 longitudine
870 3054 1031 3104 capitis,
1071 3050 1551 3105 conico-tmpezoidale,
1594 3053 1927 3105 subdepressum,

59 3125 99 3163 in
126 3124 270 3164 medio
309 3138 398 3163 cum
435 3124 619 3164 carinula
656 3124 967 3180 Zongz'ludinali,
1008 3127 1199 3176 angusta,
1239 3123 1436 3163 obsoleta.
1498 3124 1718 3164 Soutellum
1760 3137 1925 3177 parvum
