2259 3506
1030 184 1435 234 *172—

307 324 338 363 h.
371 326 623 379 cingulorum
662 325 972 365 abdominalium
1004 334 1186 363 numero.
1249 321 1362 372 Apud
1396 334 1543 361 marem
1577 324 1727 375 cinguli
1766 324 1855 363 llavi
1895 331 2046 377 septem
2080 340 2159 367 nu-

309 411 421 438 mero
452 399 669 447 habentur,
709 410 796 436 cum
829 408 904 436 ano
947 397 985 435 in
1017 395 1234 447 posteriori
1267 397 1478 444 segmento
1511 394 1769 435 abscondito:
1813 397 1913 448 apud
1948 398 2160 439 foeminam

309 471 459 524 cinguli
491 470 765 510 abdominales
797 481 938 508 novem
973 473 1011 507 et
1041 480 1141 508 anus
1173 471 1361 507 exsertus
1395 471 1536 506 exstat.

423 543 591 584 Volalns
623 543 755 590 celer,
787 543 873 581 sine
906 542 987 581 ullo
1020 554 1204 581 susurru.

425 615 627 655 Hahilctllo
660 616 697 655 in
730 615 898 654 saltibus
930 616 1173 668 graminosis
1206 614 1457 654 editioribus.

423 687 766 742 lllelamorphosis
798 694 836 728 et
866 689 970 728 vitae
1002 689 1102 727 ratio
1136 687 1264 727 adhuc
1294 699 1434 739 parum
1467 692 1571 726 nota.

419 760 623 802 Notamla.
686 761 748 801 10.
794 761 879 800 Jam
921 760 1192 807 Lafreille,
1235 761 1375 812 viginti
1415 766 1504 800 ante
1543 773 1669 800 annos
1708 761 1843 811 (videz
1889 761 2167 803 Dictionnaire

311 831 516 886 classique
546 832 766 874 (Z'Histoire
803 833 999 874 naturelle
1029 834 1151 873 'l'omc
1174 833 1254 872 XV.
1294 831 1410 874 1829.
1444 845 1478 884 p.
1502 834 1582 874 545
1623 838 1662 872 et
1696 834 1876 873 Crivier
1907 833 2048 890 Hegne
2077 838 2163 875 anl-

309 905 394 944 mal
419 906 542 946 Toine
564 907 607 946 V.
645 906 762 949 1829.
793 920 828 959 p.
851 906 952 957 495)
983 919 1114 960 genus
1147 907 1477 958 Sphecomyja
1516 906 1563 945 ad
1606 908 1824 957 specimina
1864 907 2062 948 Carolinis
2101 910 2166 948 in—

312 978 412 1017 sulis
444 992 463 1018 a
495 979 540 1019 D.
571 979 704 1019 Bosc
735 981 926 1029 collecta,
966 981 1153 1029 instituit,
1192 981 1306 1032 cujus
1345 991 1486 1018 omncs
1526 979 1784 1018 characteres
1824 981 1972 1019 nostris
2011 993 2168 1020 convc-

311 1053 422 1092 niunt
452 1058 614 1105 praeter
644 1054 889 1106 singularem
922 1066 1062 1102 unum,
1096 1066 1115 1092 a
1149 1065 1304 1093 summo
1336 1052 1412 1091 hoc
1444 1051 1704 1104 entomologo
1737 1052 2008 1103 depromtum:
2040 1059 2168 1093 setam

311 1131 579 1165 antennarum
610 1125 790 1165 secundo
823 1126 991 1166 articulo
1023 1127 1226 1165 insertam.

422 1198 487 1240 ⁴2⁰.
535 1199 809 1253 Maequart
839 1199 1045 1254 (Dsptcv-es
1083 1199 1294 1252 ‹arotiqnes
1333 1212 1550 1237 nonveaum
1588 1213 1639 1237 on
1666 1212 1751 1252 pen
1789 1212 1943 1237 colinus
1975 1199 2098 1239 'l'oine
2122 1200 2168 1238 ll.

312 1272 510 1312 Partiell.
556 1272 667 1311 Paris
710 1271 855 1321 1842).
903 1285 1032 1325 genus
1080 1272 1483 1323 SphecomyJam,
1527 1271 1728 1310 exoticum
1777 1272 1992 1324 europaeis
2037 1272 2170 1312 adnu-

315 1350 440 1385 merat
460 1347 494 1395 ¹)
528 1346 681 1398 quidsi:
715 1346 973 1385 characteres
1005 1346 1210 1398 generici,
1242 1345 1387 1396 quibus
1417 1345 1522 1384 idem
1555 1348 1741 1384 connotat
1775 1344 1818 1391 (l.
1845 1358 1877 1384 c.
1911 1357 1944 1396 p.
1976 1344 2060 1394 17),
2092 1350 2167 1384 tam

314 1419 464 1458 affabre
496 1432 583 1459 euin
618 1423 756 1458 nostro
789 1419 998 1470 quadrant,
1031 1423 1084 1468 ut,
1117 1420 1150 1458 si
1184 1419 1301 1457 modo
1332 1419 1500 1469 patrium
1534 1417 1662 1457 solum
1697 1418 1896 1469 excipias,
1929 1417 2048 1457 nullis
2080 1418 2171 1458 aliis

314 1505 333 1531 a
368 1498 506 1532 nostro
539 1492 708 1532 differat.
768 1492 851 1533 Nisi
885 1505 985 1531 nova
1028 1493 1167 1532 civitas
1206 1492 1385 1544 huJusce
1418 1491 1509 1530 novi
1542 1491 1761 1542 eximiique
1802 1491 1945 1542 dipteri
1977 1493 2169 1543 europaei

313 1567 416 1605 idem
448 1567 590 1618 generi
623 1566 851 1605 americano
884 1566 1120 1605 adscribere
1145 1569 1319 1613 vetaret,
1350 1564 1551 1615 antiquius
1585 1575 1729 1602 nomen
1762 1564 1947 1603 lubenter
1978 1565 2171 1614 retinere„

314 1641 446 1680 nullus
478 1653 574 1680 sane
606 1652 760 1688 essem,
793 1641 859 1692 qui
892 1639 1146 1678 haesitarem.

427 1712 492 1754 3⁰.
528 1712 851 1753 tifiedemann
875 1710 1317 1765 (A'luss-eremum(Eisone
1350 1709 1643 1766 :weg'sli'igellge
1670 1708 1854 1749 Inseelen
1885 1709 1954 1749 Th.
1973 1710 2018 1749 ll.
2052 1709 2171 1752 1830.

317 1786 355 1825 S.
377 1785 450 1835 87>
482 1799 533 1825 ex
572 1785 813 1825 collectione
844 1785 995 1824 Musaei
1039 1784 1292 1832 viennensis,
1335 1784 1550 1834 descripsit
1581 1783 1778 1834 dipterum
1810 1783 1972 1835 ignotae
2004 1783 2172 1831 Patriae.

320 1860 477 1898 nomine
510 1859 881 1910 Chrysotoxum
914 1858 1171 1907 vittatum,
1203 1868 1295 1895 mox
1326 1860 1456 1896 autem
1490 1855 1533 1904 (l.
1558 1867 1588 1894 s,
1613 1867 1645 1894 e.
1671 1856 1708 1894 S.
1731 1854 1797 1896 91.
1830 1856 1923 1896 Tab.
1942 1857 2007 1896 IX.
2039 1857 2103 1910 fig.
2128 1857 2173 1905 7)

320 1932 603 1982 speciminibus
643 1931 800 1971 duobus
838 1944 889 1970 ex
933 1931 1107 1984 Georgia
1148 1930 1374 1969 americana
1418 1929 1457 1967 in
1496 1928 1702 1967 Musaeum
1744 1928 2003 1968 berolinense
2043 1930 2173 1980 allata,

323 2016 431 2043 suum
463 2005 664 2044 Psarum
699 2008 927 2043 ornatum
960 2003 1127 2042 effinxit.
1178 2002 1291 2049 Quod
1318 2002 1450 2040 binum
1475 2014 1495 2040 a
1522 1999 1882 2041 tts‘iedenmnno
1915 2002 2173 2054 descriptum,

323 2074 558 2130 duobusque
590 2077 817 2116 nominibus
849 2076 1087 2128 appellatum
1120 2077 1338 2124 insectum,
1378 2074 1574 2114 foeminas
1609 2073 1977 2126 Sphccomyjae
2010 2077 2176 2115 villulae

333 2148 635 2202 ltlatquart‘c'c'
690 2149 896 2205 (D1]›l?¹1·es
936 2150 1144 2204 eroli‘ques
1196 2149 1220 2188 l.
1254 2162 1288 2188 c.
1328 2161 1364 2199 p.
1407 2146 1468 2190 18.
1521 2148 1613 2187 Tab.
1650 2147 1715 2186 lll.
1761 2147 1824 2200 fig.
1868 2147 1903 2189 3.
1964 2149 2029 2197 07)
2069 2162 2176 2198 esse,

325 2221 484 2259 minime
514 2223 767 2262 dubitandum
800 2228 883 2272 est,
922 2224 989 2275 qui
1019 2226 1230 2274 praeterea
1264 2222 1468 2273 specimen
1500 2221 1621 2259 maris
1660 2233 1711 2259 ex
1743 2220 1918 2274 Georgia
1950 2223 2173 2262 ainericana

327 2295 363 2332 in
398 2293 562 2332 Musaeo
591 2297 801 2344 parisiensi
834 2301 1082 2335 asservatum
1124 2307 1168 2333 se
1200 2294 1375 2342 vidisse,
1414 2294 1556 2332 merito
1596 2294 1755 2332 asserit.

435 2364 499 2405 4⁰.
545 2365 643 2403 Num
662 2367 753 2418 Tyz
770 2368 1019 2407 enhauzia
1052 2367 1428 2419 vespiformis*
1460 2365 1674 2405 lithuanica
1698 2366 1838 2405 eadem
1862 2371 1922 2405 est
1945 2379 1991 2406 ac
2014 2368 2071 2418 Sp
2084 2367 2175 2406 he-

327 2439 492 2490 comyj
505 2451 525 2477 a
556 2438 734 2477 vittata
763 2442 986 2480 americana
1018 2438 1353 2493 Jilacqnartii?
1390 2439 1471 2478 Res
1503 2439 1633 2477 adhuc
1663 2439 1701 2478 in
1725 2438 1956 2479 discrimine
1979 2444 2175 2480 versatur.

328 2511 440 2558 Quod
474 2511 636 2550 dubium
668 2510 784 2550 facile
817 2513 1048 2553 solvendum
1089 2518 1199 2552 esset
1230 2513 1461 2564 speciminis
1494 2512 1697 2551 lithuanici
1730 2512 1895 2551 Musaeo
1928 2513 2175 2553 berolinensi

328 2598 348 2623 a
380 2597 442 2623 me
475 2584 608 2637 donati
639 2596 726 2622 eum
759 2583 899 2623 eodem
930 2586 1193 2637 ejusdemque
1225 2597 1349 2625 sexus
1373 2585 1743 2637 Sphecomyjae
1776 2586 1989 2625 vittatae
2022 2586 2175 2626 Musaei

328 2657 586 2707 parisiensis,
633 2656 749 2707 eujus
795 2657 1031 2708 inspiciendi
1078 2659 1355 2710 opportunitas
1402 2671 1463 2696 me
1495 2658 1658 2710 effugit,
1689 2662 1874 2697 accurata
1906 2660 2175 2699 contentiOne.

331 2729 454 2781 Cujus
485 2730 544 2769 rei
575 2729 702 2781 gratia
734 2729 945 2779 utriusque
978 2742 1098 2769 sexus
1131 2731 1403 2770 discriminum
1436 2736 1549 2770 notas
1573 2732 1677 2770 inter
1698 2743 1846 2769 marem
1870 2731 2175 2783 Tyzenhau-

330 2803 440 2841 ziae
471 2801 807 2854 vespiforinis
839 2814 951 2841 meae
983 2802 1086 2841 inter
1116 2802 1411 2856 foeminamque
1435 2804 1803 2856 Spheeomyjae
1835 2805 2053 2843 vittatae
2085 2805 2176 2844 Mu-

332 2875 416 2914 saei
455 2875 725 2916 berolinensis
763 2874 940 2922 (duobus
979 2875 1261 2925 speciminibus
1301 2881 1570 2925 asservatae),
1611 2891 1630 2915 a
1673 2890 1732 2916 me
1774 2877 2070 2927 comparatione
2102 2879 2176 2917 rite

422 3057 455 3094 1)
482 3054 547 3094 „Le
572 3065 676 3098 genre
701 3058 915 3101 Splaecomyie
941 3070 957 3090 a
985 3064 1122 3101 rapport
1147 3058 1406 3092 exclusivcmcnt
1431 3072 1493 3093 aux
1521 3072 1639 3103 genres
1667 3061 1837 3102 exutiques
1872 3071 1913 3092 ou
1940 3063 1957 3092 a
1985 3060 2064 3100 tels,
2098 3062 2175 3092 dont

334 3109 382 3147 .,la
421 3112 662 3143 connaissance
699 3114 811 3145 n’etait
849 3124 907 3155 pas
942 3114 1096 3157 jusqu'ici
1136 3124 1269 3148 connue
1305 3126 1365 3146 aux
1403 3117 1679 3159 Dipterologistes
1714 3117 1918 3161 ‹l’Europc.“
1977 3117 2129 3158 (Maequ.
2158 3117 2179 3148 l.

331 3177 355 3197 s.
382 3180 409 3200 c.
436 3177 466 3208 p.
486 3165 533 3207 7.)
