2259 3506
698 749 1386 823 PRAEMONENDA.

228 962 330 1040 (2¹¹5
372 988 458 1016 mos
499 976 671 1016 maxime
711 975 814 1027 apud
858 988 929 1015 eos
969 977 1156 1027 invaluit,
1196 978 1263 1030 qui
1303 982 1467 1017 exteras
1507 977 1701 1028 regiones
1739 977 1970 1017 invisendas

116 1062 342 1104 earumque
376 1049 685 1088 delineationem
717 1048 847 1088 literis
879 1049 1141 1089 mandandam
1174 1063 1313 1090 secum
1344 1051 1621 1099 instituerant,
1658 1054 1720 1098 ut,
1758 1055 1970 1103 antequam

112 1126 162 1166 de
195 1137 334 1165 earum
367 1123 467 1172 situ,
499 1126 665 1161 naturae
698 1122 880 1172 dotibus,
911 1123 1015 1162 eoeli
1046 1124 1264 1175 temperie,
1296 1124 1475 1177 gentium
1508 1127 1547 1162 et
1576 1122 1837 1175 populorum,
1869 1124 1971 1175 apud

114 1211 218 1253 quos
250 1197 472 1250 degerant,
512 1196 693 1235 moribus
725 1196 888 1249 vitaque
927 1201 1066 1249 agant,
1108 1210 1178 1247 ea,
1221 1209 1324 1248 quae
1353 1197 1460 1237 domi
1492 1196 1621 1237 adhuc
1652 1197 1814 1248 praevia
1844 1209 1971 1249 pere-

111 1270 329 1326 grinationi
359 1270 469 1322 passi
502 1273 613 1319 sunt,
646 1282 750 1321 quae
782 1274 896 1322 grata
927 1270 992 1308 vel
1024 1270 1180 1323 ingrata
1213 1270 1261 1309 ad
1285 1270 1454 1310 eandem
1480 1269 1794 1322 promovendam
1827 1271 1866 1309 in
1899 1282 1972 1309 eos

111 1344 366 1393 acciderant,
407 1355 511 1395 quae
543 1347 650 1382 terra
692 1343 874 1394 marique
906 1343 944 1382 in
977 1343 1122 1383 itinere
1163 1343 1321 1383 obviam
1359 1344 1458 1396 ipsis
1500 1343 1604 1383 facta
1643 1347 1755 1393 sunt,
1792 1342 1971 1383 referant

110 1422 335 1471 agantque,
381 1428 468 1456 mos
508 1416 613 1455 idem
655 1417 877 1469 unicuique
920 1417 958 1455 in
1000 1417 1201 1467 publicum
1251 1417 1298 1456 ad
1339 1430 1448 1467 rem,
1487 1417 1705 1469 quamlibet
1742 1421 1866 1456 artem
1909 1417 1971 1456 vel

110 1491 331 1531 doctrinam
365 1494 631 1541 spectantem,
662 1490 908 1529 tractandam
940 1490 1153 1542 prodeunti
1186 1490 1413 1530 servandus
1446 1502 1539 1529 esse
1571 1490 1752 1530 videtur:
1786 1490 1889 1530 baud
1921 1503 1971 1530 eo

111 1563 305 1613 consilio,
337 1567 380 1602 ut
411 1568 553 1602 auctor
585 1564 670 1614 ipse
704 1564 832 1616 magis
866 1563 958 1601 inde
990 1563 1170 1613 eluceat,
1209 1564 1273 1602 vel
1306 1564 1396 1615 quis
1429 1564 1499 1613 sit,
1531 1563 1679 1615 quidve
1711 1565 1969 1616 praestiterit,

111 1636 316 1685 ostendat,
350 1636 421 1674 sed
454 1641 496 1676 ut
528 1636 637 1676 clare
670 1640 823 1688 pateat,
850 1637 999 1688 Jurene
1031 1637 1260 1689 meritoque
1293 1637 1429 1675 iubae
1462 1649 1506 1675 re
1530 1637 1683 1689 egerit,
1716 1650 1796 1688 quo
1822 1637 1970 1676 sunda-

110 1714 243 1750 mento
276 1709 394 1748 nixus
428 1709 588 1749 molitus
622 1712 692 1759 sit,
735 1710 881 1761 quibus
915 1709 1156 1761 adjumentis
1188 1709 1253 1748 vel
1285 1709 1478 1749 subsidiis
1509 1710 1682 1749 munitus
1721 1710 1769 1750 ad
1802 1710 1970 1750 eandem

111 1781 336 1824 accesserit
387 1794 559 1834 eamque
599 1783 871 1822 exornaverit.
914 1806 963 1810 —
1031 1782 1187 1821 Morem
1228 1782 1333 1822 hunc
1374 1787 1561 1833 secutus,
1607 1783 1747 1835 paucis
1794 1782 1844 1822 de
1882 1783 1973 1821 libri

112 1857 283 1910 hujusce
317 1867 461 1905 causa,
500 1856 657 1895 ratione
689 1868 735 1895 ac
776 1854 895 1895 modo
937 1855 1072 1908 deque
1103 1856 1175 1905 iis,
1216 1868 1320 1907 quae
1366 1868 1501 1896 ansam
1534 1856 1572 1895 ei
1603 1855 1808 1905 dederint,
1848 1868 1972 1907 prae-

110 1941 278 1970 monere
321 1927 535 1968 consilium
576 1928 670 1968 mihi
713 1934 796 1979 est,
841 1941 891 1968 ne
932 1929 970 1968 in
1011 1928 1130 1968 domo
1169 1929 1265 1968 licet
1309 1930 1456 1982 exigua
1500 1929 1642 1968 atrium
1689 1928 1867 1969 deficere
1907 1929 1971 1967 vi—

109 2004 265 2044 deatur.
300 2027 344 2031 —

222 2075 351 2123 Quum
384 2076 634 2115 Universitas
667 2074 891 2114 litterarum
923 2074 1129 2115 Vilnensis
1169 2077 1470 2127 proximorum,
1512 2075 1659 2127 quibus
1690 2075 1821 2115 adhuc
1852 2075 1972 2114 inco-

109 2149 228 2189 lumis
258 2152 403 2198 staret,
434 2148 577 2201 viginti
609 2159 803 2187 annorum
836 2147 1015 2188 decursu
1038 2148 1076 2187 in
1100 2149 1275 2188 caeteris
1299 2148 1506 2198 omnibus,
1538 2149 1572 2187 si
1596 2148 1661 2188 vel
1685 2147 1971 2197 doctrinarum,

111 2235 215 2274 quae
246 2221 394 2260 ibidem
425 2221 634 2275 vigebant,
666 2220 877 2271 ambitum,
916 2220 981 2260 vel
1013 2220 1224 2261 doctorum
1257 2222 1437 2274 ipsorum
1470 2233 1679 2261 numerum
1712 2226 1751 2262 et
1782 2222 1970 2274 amplitu-

111 2296 245 2335 dinem
284 2298 466 2347 spectes,
505 2295 544 2333 in
583 2294 671 2333 dies
709 2294 861 2346 majora
901 2294 1149 2333 incrementa
1189 2299 1375 2347 caperet,
1415 2295 1577 2334 minime
1617 2294 1866 2335 diffitendum
1899 2301 1972 2345 est,

112 2368 263 2418 studia,
295 2380 399 2420 quae
431 2367 480 2407 de
511 2366 687 2408 Naturae
720 2367 874 2406 viribus
906 2372 1026 2419 atque
1059 2367 1202 2420 opibus
1235 2372 1376 2421 agant,
1408 2380 1664 2421 nequaquam
1695 2369 1836 2409 eadem
1868 2369 1970 2409 laeta

112 2442 343 2483 conditione
389 2441 428 2480 in
476 2440 616 2480 eadem
656 2441 925 2480 Universitate
968 2441 1100 2481 habita
1146 2446 1267 2493 atque
1320 2445 1514 2481 exornata
1563 2441 1703 2483 fuisse.
1772 2441 1969 2494 Imprimis

111 2520 242 2555 autem
279 2513 426 2554 ibidem
457 2513 680 2566 Zoologiae
721 2518 759 2553 et
796 2514 1013 2554 Botanices
1051 2515 1153 2554 ratio
1194 2515 1314 2555 exilis
1346 2514 1587 2564 habebatur,
1633 2527 1721 2554 cum
1758 2516 1970 2567 utriusque

111 2601 242 2641 usque
275 2588 323 2628 ad
363 2587 455 2627 anni
490 2584 595 2628 1824
627 2587 845 2627 decursum
888 2587 1097 2627 docendae
1138 2600 1281 2628 munus
1329 2589 1489 2628 nonnisi
1528 2588 1596 2628 uni
1634 2587 1848 2640 eidemque
1880 2588 1970 2628 Ma-

111 2662 239 2715 gistro
272 2660 609 2709 committeretur,
641 2665 821 2701 ceterum
853 2661 974 2701 nullis
1006 2661 1055 2701 ad
1087 2674 1172 2700 rem
1204 2661 1446 2701 discentium
1479 2659 1693 2709 subsidiis,
1725 2661 1872 2712 quibus
1903 2674 1969 2702 ars

111 2735 338 2775 accuratius
371 2733 590 2773 doceretur
615 2734 680 2773 vel
711 2746 783 2785 pro
817 2747 986 2774 munere
1018 2733 1191 2786 quodam
1224 2735 1403 2788 graviori
1429 2733 1649 2786 juvenibus
1678 2733 1866 2774 obeundo
1889 2748 1967 2774 ex—

111 2807 338 2847 coleretur:
380 2812 460 2847 tum
494 2807 611 2846 etiam
642 2807 798 2847 Musaei
827 2807 1033 2862 zoologici
1073 2807 1182 2847 nulla
1214 2807 1300 2847 fere
1333 2818 1503 2860 prorsus
1534 2806 1636 2845 ratio
1667 2806 1732 2846 vel
1763 2820 1860 2847 cura
1891 2808 1966 2848 ad-

111 2885 210 2921 erat.
268 2880 364 2919 Nam
397 2881 431 2919 si
463 2881 593 2919 avium
632 2880 982 2934 mammaliumque
1021 2881 1305 2935 indigenorum
1337 2880 1533 2919 minorum
1575 2879 1735 2931 species
1776 2880 1965 2932 quasdam

111 2966 187 2994 nec
217 2965 298 2993 non
329 2952 617 2993 molluscorum
648 2957 688 2992 et
718 2953 978 2993 coralliorum
1010 2953 1100 2994 illas
1133 2953 1371 3004 exceperis,
1403 2956 1546 2991 cuncta
1566 2953 1812 3004 privatorum
1832 2953 1964 2993 bene-

113 3025 204 3066 ficio
242 3039 397 3079 neque,
434 3038 507 3077 pro
544 3026 606 3065 rei
645 3030 846 3066 momento
891 3031 930 3066 et
973 3027 1054 3067 loci
1100 3025 1404 3075 commoditate,
1450 3025 1498 3065 ad
1545 3025 1752 3066 doctrinae
1791 3031 1829 3065 et
1867 3027 1963 3067 artis

114 3099 392 3151 exquisitioris
423 3099 540 3153 leges
571 3099 703 3139 habita
742 3104 984 3152 servataque
1016 3098 1167 3139 ibidem
1197 3098 1336 3149 fuere,
1369 3098 1476 3138 nulla
1505 3104 1658 3150 autem,
1689 3111 1789 3152 (piae
1814 3100 1964 3152 majora

115 3170 337 3224 altioraque
369 3185 419 3213 ex
450 3173 578 3214 almae
609 3172 784 3214 Naturae
824 3174 981 3227 gremio
1013 3176 1199 3224 peterent
1245 3171 1309 3211 vel
1350 3172 1618 3226 investigandi
1657 3172 1829 3212 studium
1862 3185 1962 3226 pro-
