2259 3506
990 216 1060 220 *—
1144 187 1241 237 loo
1322 216 1393 221 —

371 321 564 361 articulus
597 323 801 362 secundus
833 327 899 361 aut
930 323 1194 376 longitudinis
1226 325 1333 363 tertii
1366 328 1431 363 aut
1463 324 1532 363 illo
1565 336 1703 376 parum
1736 324 1910 376 longior.
1964 325 2123 363 l'ronoti

371 394 506 446 anguli
539 394 769 433 numerales
803 396 915 447 parvi
948 408 1087 447 parum
1118 397 1410 448 prominentes.
1448 397 1662 436 Abdomen
1695 397 1972 449 marginatum.
2011 397 2124 436 Ven-

372 469 433 504 ter
464 478 704 518 convexus:
740 472 952 519 segmento
993 468 1173 508 secundo
1206 469 1338 509 antice
1380 470 1493 521 spina
1525 474 1713 522 porrecta
1745 473 1921 508 armato:
1967 468 2125 508 Rimu-

371 550 529 577 GASTER
560 538 732 589 Laporte
754 539 867 579 Hem.
891 539 956 582 59.
997 541 1113 593 Amy.
1137 546 1177 581 et
1198 541 1302 581 Aud.
1328 543 1442 583 Serv,
1466 543 1578 582 Hom.
1606 542 1696 582 145.
1723 541 1814 582 107.

259 658 325 703 58.
373 663 553 707 Pent.
580 667 1020 719 punctipenms
1050 669 1223 723 (Jllig.);
1275 683 1395 723 supra
1427 670 1834 725 griseo-nebulosa,
1875 670 2017 709 subtus
2048 669 2125 709 ssa-

371 748 565 788 vescens,
594 740 779 779 antennis
811 745 851 780 et
883 742 1064 794 margine
1097 742 1324 782 abdominis
1356 745 1522 793 serrati,
1554 745 1672 797 nigro
1706 742 1901 794 fulvoque
1932 743 2124 795 variega-

372 809 444 857 tis,
477 810 589 861 spina
620 812 790 851 ventrali
822 813 948 865 pedes
981 815 1136 854 anticos
1168 816 1411 868 attingente3
1444 817 1674 855 membrana
1707 815 2039 867 hcmielytrorum
2062 815 2126 854 al—

371 881 462 921 bida
494 881 829 936 susco-punctata
846 886 885 926 ³³.
946 887 1072 939 Long.
1105 885 1303 928 6—71111.

352 970 470 1003 Cimeoe
495 972 674 1006 nebulosus
700 974 793 1007 Poda
819 986 902 1007 mus.
924 986 1036 1019 graec.
1057 974 1109 1008 56.
1129 976 1213 1019 (see.
1232 976 1399 1019 Scopuli).

351 1032 469 1064 Cimez·
494 1035 688 1067 Baccarmn
714 1036 851 1079 Scopol.
879 1044 945 1069 ent.
973 1048 1062 1070 carn.
1090 1036 1163 1071 123.
1183 1036 1259 1070 360.
1285 1040 1324 1070 ic.
1342 1036 1408 1071 360
1434 1038 1558 1081 (bona)
1584 1048 1652 1070 non
1673 1038 1832 1070 Linnaei!
1870 1037 1967 1069 Stoll.
1994 1037 2126 1070 Punuis.

394 1091 448 1126 32.
466 1094 544 1128 Tau
561 1097 613 1128 VI.
633 1098 686 1141 fig.
701 1095 762 1130 46!

352 1155 470 1188 Cirneoe
493 1158 733 1191 interstinctus
759 1160 912 1193 Schrank
936 1161 1057 1193 Enum.
1076 1168 1178 1194 austr.
1197 1161 1273 1195 526.
1293 1172 1361 1194 non
1382 1161 1493 1194 Linn.!

351 1217 468 1251 cimex
490 1220 624 1261 qriseus
650 1220 748 1253 Fabr.
767 1221 853 1263 Syst.
871 1222 947 1254 Ent.
966 1223 1019 1255 IV.
1041 1222 1113 1256 116.
1135 1222 1198 1256 140
1223 1231 1255 1257 et
1279 1224 1394 1266 Ejusd.
1415 1224 1500 1266 Syst.
1520 1224 1651 1267 Rhyng.
1673 1222 1748 1256 171.
1764 1221 1808 1255 87
1833 1222 1995 1265 (exclusis
2021 1233 2127 1264 syno-

393 1281 512 1322 nymiis
538 1280 676 1314 Linnaei
703 1288 735 1314 ct
761 1283 810 1315 De
832 1284 929 1316 Gecri
957 1285 998 1317 ad
1024 1284 1299 1317 Acantlzosomat.
1322 1288 1473 1328 [friscam
1506 1285 1762 1328 pcrtinentibus,
1812 1284 1956 1317 Schaell'.
1982 1285 2043 1317 ins.
2069 1290 2129 1316 rat.

393 1342 472 1374 Tab.
488 1341 569 1375 XLI.
587 1343 642 1386 fig.
665 1342 759 1377 1——3.
779 1345 894 1389 (opt).
943 1347 1043 1379 Panz.
1070 1347 1173 1380 Faun.
1193 1357 1298 1390 germ.
1315 1346 1368 1381 33.
1390 1347 1429 1381 19
1449 1347 1584 1391 (bona).
1634 1346 1736 1380 wolf.
1761 1347 1855 1379 Icon.
1875 1346 1987 1379 Cimic.
2005 1345 2058 1379 59.
2076 1345 2128 1379 56.

392 1403 473 1436 Tab.
490 1404 542 1436 VI.
562 1405 616 1447 fig.
632 1403 675 1437 56
703 1406 831 1450 (opt).
883 1408 979 1440 Rossi
1007 1409 1110 1442 Fauii.
1137 1415 1197 1441 etr.
1224 1410 1275 1441 ed.
1295 1409 1384 1453 Jllig.
1404 1408 1536 1442 11.371.
1558 1408 1644 1443 130ss
1670 1409 1761 1452 (quo
1788 1409 1828 1441 ad
1856 1409 2035 1452 diagnosin
2061 1408 2128 1440 Fa-

393 1466 575 1498 bricianam
589 1467 614 1508 l)

350 1528 548 1560 Pentatoma.
569 1530 688 1572 qrisea
714 1530 798 1563 Latr.
827 1531 908 1564 Hist.
927 1538 993 1564 nat.
1015 1532 1086 1565 XII.
1109 1531 1179 1565 192.
1199 1532 1251 1565 29.
1302 1533 1388 1566 Boit.
1415 1533 1502 1566 Man.
1521 1533 1574 1566 51.

349 1589 467 1621 Cimeoe
488 1592 733 1634 punc-tipennis
759 1593 880 1637 Jlliger
906 1595 936 1626 in
966 1595 1064 1627 Rossi
1084 1595 1188 1628 Faun.
1203 1601 1267 1628 etr.
1286 1596 1325 1628 ΙΙ.
1344 1594 1478 1637 (1807).
1496 1593 1572 1628 372.
1593 1594 1689 1629 1306.
1716 1597 1756 1627 in
1784 1600 1899 1628 nota.
1924 1595 2131 1627 Burmeister

396 1651 526 1684 l‘landb.
545 1654 577 1685 d.
595 1654 670 1686 Ent.
689 1655 727 1687 ΙΙ.
746 1653 822 1688 365.
840 1655 870 1687 ¹2.

352 1714 582 1756 Hapltiyaster
604 1717 739 1758 ⁸qriseus
766 1716 883 1750 Ramb.
903 1718 1009 1750 Faun.
1027 1718 1114 1751 And.
1134 1719 1173 1751 11.
1194 1718 1267 1752 1¹26.
1285 1719 1314 1751 2.

350 1775 584 1819 Rapleiyaster
604 1779 850 1822 punctipennis
875 1780 971 1822 Amy.
991 1786 1023 1813 ct
1042 1781 1128 1813 And.
1148 1782 1239 1813 Serv.
1260 1781 1353 1813 Hem.
1374 1780 1447 1813 ms.
1470 1781 1497 1812 1.

350 1838 581 1882 Raphiyaster
604 1841 848 1885 punctipemzis
873 1843 971 1885 Amy.
992 1843 1068 1877 Eut.
1087 1843 1139 1876 Fr.
1157 1841 1211 1876 85.
1232 1841 1284 1875 69.

372 1916 531 1958 Habitat
561 1919 600 1958 in
632 1919 798 1972 plantis,
840 1922 986 1971 muris,
1025 1922 1191 1975 sepibus
1223 1922 1431 1962 hortorum
1473 1927 1512 1961 et
1551 1923 1704 1961 truncis
1747 1922 1937 1961 arborum
1968 1922 2128 1974 Volhy-

260 1989 348 2028 niae
380 1993 420 2029 et
446 1990 660 2041 Podoliae3
701 1991 898 2045 frequens
930 1995 1086 2034 vernali
1118 2000 1327 2047 tempore,
1365 1995 1499 2034 rarior
1530 1999 1733 2034 autumno.
1794 1994 1924 2034 Tarde
1968 1995 2131 2043 incedit,

260 2061 387 2102 odore
419 2063 688 2105 foetidissimo
722 2065 864 2106 Cimiei
885 2065 1095 2107 lectulario
1128 2068 1268 2117 simili,
1301 2068 1400 2108 alias
1433 2068 1552 2120 hujus
1585 2068 1751 2121 generis
1783 2068 1960 2107 excellit.

370 2135 400 2174 E
432 2138 652 2189 majoribus
683 2143 758 2178 cst.
819 2140 948 2192 Supra
979 2139 1100 2180 livida
1133 2145 1199 2180 aut
1228 2142 1466 2194 grisescens
1498 2156 1587 2180 omn
1609 2142 1738 2181 nitore
1765 2139 1987 2190 metallico,
2018 2152 2126 2192 pun-

262 2207 335 2246 ctis
367 2211 598 2249 numerosis
629 2212 765 2262 parvis
798 2213 999 2265 impressa
1032 2214 1071 2252 in
1103 2214 1232 2265 capite
1265 2218 1304 2253 et
1335 2218 1506 2266 pronoto
1540 2214 1660 2253 strias
1691 2214 1953 2265 maculasque
1985 2225 2129 2265 parvas

262 2281 511 2333 irregulares
553 2283 625 2322 sed
665 2286 905 2335 praesertim
947 2286 986 2324 in
1025 2286 1197 2325 scutelle
1238 2287 1416 2326 maculas
1457 2288 1632 2339 majores
1666 2286 1945 2325 formantibus.
2006 2286 2132 2338 Caput

256 2353 443 2406 griseum
479 2356 633 2395 vertice
674 2356 815 2408 planO,
866 2357 915 2396 ab
956 2358 1087 2398 oculis
1127 2358 1610 2410 elliptico-rotundatum
1651 2360 1979 2412 integerrimum,
2025 2358 2131 2398 lobis

262 2425 394 2478 clypei
426 2427 611 2468 omnibus
643 2427 882 2481 fastigiatis,
915 2431 1094 2480 coalitis,
1126 2431 1438 2471 lateralibus
1469 2445 1609 2484 parum
1641 2430 1990 2487 nmrginantibzzS,
2023 2444 2129 2471 mc—

264 2498 345 2538 dio
384 2499 540 2540 lineari.
601 2500 718 2541 Oculi
756 2502 876 2555 nigri.
936 2502 1124 2542 Rostrum
1163 2504 1315 2543 dimidii
1357 2506 1541 2556 corporis
1574 2505 1851 2558 longitudine,
1890 2504 2130 2554 flavescens,

264 2573 379 2624 apice
410 2573 543 2626 nigro.
603 2574 815 2614 Antennae
846 2575 1102 2629 variegatacj.
1147 2577 1305 2616 articuli
1338 2577 1416 2617 duo
1447 2577 1648 2617 basilares
1680 2578 1752 2617 toti
1775 2578 1911 2630 nigri,
1951 2578 2030 2617 duo
2062 2578 2129 2616 ul-

264 2645 348 2684 timi
379 2650 446 2685 aut
476 2644 522 2696 3,
552 2644 579 2686 4
609 2651 649 2686 et
678 2647 703 2687 5
734 2647 822 2687 basi
856 2647 906 2687 ad
937 2648 1143 2688 dimidium
1184 2647 1317 2688 albida
1357 2655 1424 2689 aut
1448 2648 1572 2703 fidem
1604 2651 1802 2699 annulati,
1850 2650 2031 2690 secundo
2064 2655 2131 2690 aut
2175 2644 2177 2646 ¹

266 2718 518 2771 longitudine
543 2719 653 2759 tertii
684 2724 752 2760 aut
780 2733 921 2772 parum
951 2721 1020 2761 illo
1052 2721 1253 2775 longiore.
1314 2723 1529 2763 Pronotum
1562 2725 1694 2764 antice
1724 2723 1844 2763 valde
1876 2723 2130 2773 declinatum,

266 2791 447 2843 griseum
479 2805 569 2831 cum
602 2793 732 2833 nitore
764 2794 988 2841 metallico;
1018 2794 1162 2834 liturae
1195 2795 1424 2835 ordinariae
1456 2801 1715 2836 transversae
1746 2798 1876 2836 minus
1899 2797 2130 2836 distinctae:

268 2865 472 2917 margines
511 2865 700 2905 laterales
739 2866 997 2919 glaberrimi3
1050 2867 1186 2920 anguli
1224 2867 1455 2908 humerales
1494 2869 1542 2908 ad
1582 2869 1784 2909 auriculas
1815 2869 1962 2908 breves
1992 2881 2130 2920 parum

267 2937 562 2987 prominentes,
593 2939 759 2978 obtusas
791 2940 947 2991 postice
979 2940 1144 2992 oblique
1170 2945 1356 2990 retusaS,
1388 2942 1501 2993 apice
1523 2942 1770 2995 nigricantes
1796 2941 1970 2980 deducti.
2023 2942 2131 2982 Scu—

269 3009 404 3049 tcllum
436 3011 929 3064 triangulari—conicum,
971 3013 1122 3053 coloris
1154 3014 1313 3065 pronoti
1354 3026 1441 3052 cum
1475 3015 1643 3053 maculis
1676 3014 1803 3067 nigris
1835 3014 2131 3067 irregularibus

270 3083 503 3133 majoribus,
534 3096 611 3123 una
644 3085 682 3123 in
714 3085 843 3134 disco,
875 3085 1032 3125 duabus
1065 3086 1264 3139 oppositis
1296 3086 1343 3124 ad
1377 3087 1599 3138 marginem
1635 3088 1708 3127 sub
1741 3088 1868 3139 apice,
1902 3088 1970 3138 qui
2002 3087 2127 3126 ssavus

270 3158 342 3193 est.
404 3156 647 3209 Hcmielytra
690 3157 841 3197 coloris
874 3159 1044 3199 scutelli.
1105 3159 1335 3198 Membrana
1367 3159 1627 3211 griseo—alba
1661 3160 1827 3200 maculis
1859 3160 1983 3199 fuscis
2017 3171 2130 3210 sym——
