2259 3506
838 184 1206 236 —59-

189 320 324 362 Cydnus
345 321 476 363 pilosus
502 321 596 353 Herr.
613 321 759 354 Schaeff.
786 323 819 354 in
839 322 939 354 l'anz.
959 321 1056 355 Cont.
1080 321 1183 355 Faun.
1204 332 1309 366 germ.
1330 320 1405 355 126.
1423 320 1476 354 22.
1494 320 1629 365 (bona).

208 398 365 439 Habitat
395 400 435 438 in
466 399 644 440 Podolia.

208 482 329 523 Facie
362 481 501 540 Cydni
511 481 779 537 flavicornis,
819 482 892 523 sed
923 482 1071 534 major,
1111 484 1240 537 magis
1279 484 1481 537 oblongus
1516 482 1755 535 praesertim
1786 483 1825 521 in
1855 494 1953 533 pro-

97 559 214 606 noto,
245 556 361 608 cujus
390 555 517 595 latera
546 568 685 608 parum
715 560 989 608 convergunt,
1019 559 1365 608 antennarumque
1396 560 1596 596 structura
1627 554 1852 595 distinctus.

207 628 331 668 Totus
369 629 634 682 nigrescens,
673 627 800 667 dense
838 627 1015 678 pilosus:
1068 628 1196 680 capite
1237 627 1407 668 scutello
1446 633 1486 668 et
1523 627 1772 681 hemielytris
1808 627 1953 668 crebre

96 701 555 753 excavato-punctatis‚
598 704 770 753 pronoto
811 699 942 739 minus
983 699 1170 740 distincte
1210 699 1283 740 sed
1323 701 1451 753 magis
1496 702 1711 753 perspicue
1751 713 1869 753 quam
1914 700 1953 739 in

94 773 367 823 praecedente
400 771 534 829 Cydn.
566 771 757 812 brunneo.
823 771 1044 813 Scutellum
1074 777 1164 812 ante
1186 773 1340 825 apicem
1366 772 1498 812 subito
1522 774 1809 823 acuminatum,
1839 773 1952 825 apice

94 848 228 884 tamen
258 846 424 895 obtus0,
465 844 716 899 marginibus
756 844 870 885 sulco
907 844 1155 898 glaberrimo
1194 845 1420 897 impressis
1481 845 1589 884 Corii
1620 845 1950 899 hemielytrorum

93 917 307 957 interstitia
338 929 556 958 nervorum
588 929 736 972 grosse
767 921 1194 969 excavato—punctata.
1247 917 1384 957 Tibiae
1406 917 1617 957 robustae:
1650 920 1772 970 spinis
1794 918 1950 958 validis.

93 989 209 1028 Tarsi
240 993 280 1029 et
308 990 378 1042 pili
408 992 594 1044 corporis
626 989 923 1040 aureo—susci,
961 993 1157 1030 antennae
1189 995 1229 1030 et
1267 1002 1400 1044 genua
1431 989 1606 1030 obscure
1638 990 1763 1031 fusca.
1823 990 1953 1031 Ocelli

94 1060 330 1102 difficillime
360 1068 527 1116 propter
556 1064 799 1117 pilositatem
830 1063 1127 1104 discernuntur.

240 1149 324 1178 *Η
354 1150 569 1192 Antennae
611 1151 1001 1207 submonz'lfformes,
1053 1150 1232 1192 articulis
1276 1151 1428 1192 seilicet
1469 1150 1655 1192 brevibus
1700 1153 1952 1201 incrassatis,

347 1223 528 1265 secundo
550 1226 664 1266 tertio
686 1224 888 1267 breviore:
919 1226 1209 1266 CYRTOMENUS
1232 1225 1350 1278 Amy.
1373 1230 1413 1264 et
1430 1225 1533 1265 Aud.
1553 1225 1792 1266 Serv.Hem.
1809 1224 1876 1267 90.
1888 1224 1953 1268 58.

91 1342 161 1386 27.
209 1346 391 1400 Cydn·
415 1348 650 1400 pieipes
681 1348 879 1399 (Fallen);
909 1349 1046 1402 niger,
1078 1349 1286 1399 antennis,
1316 1348 1511 1401 pedibus,
1544 1353 1655 1389 costa
1686 1349 1953 1402 hemielytro-

202 1431 291 1459 rum
323 1419 537 1473 clypeique
569 1422 752 1475 margine
783 1422 960 1462 obscure
992 1421 1253 1475 ferrugineis.
1313 1422 1440 1475 Long.
1474 1421 1499 1463 2
1520 1422 1588 1462 lin.

182 1507 319 1552 Cydnus
340 1509 471 1553 pic-{pes
496 1509 578 1543 Fall.
599 1509 682 1543 Cim.
701 1521 752 1543 su.
771 1509 825 1543 54.
843 1509 874 1542 4.
907 1509 1026 1552 Ejusd.
1045 1509 1139 1543 Hem.
1157 1521 1206 1543 su.
1224 1509 1277 1544 20.
1295 1509 1327 1544 5.
1364 1510 1470 1544 Halm.
1488 1511 1605 1544 Wanz.
1624 1510 1649 1544 1.
1668 1509 1742 1544 165.
1760 1510 1842 1544 Tab.
1855 1510 1953 1543 XXV.

226 1571 280 1614 fig.
297 1568 350 1603 85.
370 1570 486 1614 (opt.).

182 1632 380 1666 Cadrutkus
405 1633 504 1675 Amy.
522 1633 599 1668 Ent.
617 1633 672 1666 Fr.
688 1632 744 1668 60.
760 1631 815 1667 37.

181 1711 268 1744 cim.
293 1711 357 1744 sin.
383 1722 468 1743 nom.
494 1711 605 1745 Perth.
622 1713 656 1745 in
676 1712 768 1745 MSS.
786 1712 853 1745 Ins.
873 1711 978 1745 Lithu.
998 1717 1030 1745 et
1048 1711 1169 1745 Polon.
1189 1721 1227 1744 ex
1244 1711 1345 1744 Anno
1365 1709 1461 1745 1802.
1481 1711 1557 1746 168.
1577 1713 1630 1757 fig.
1651 1712 1680 1746 1.
1701 1712 1743 1755 ¹).

201 1789 360 1829 Habitat
401 1802 476 1842 per
522 1795 644 1831 totam
688 1791 960 1841 Lithuaniam,
1022 1790 1318 1843 campestribus
1366 1791 1508 1841 siccis3
1566 1793 1675 1832 circa
1720 1793 1954 1833 Varsaviam

89 1862 312 1914 (Perthes).

203 1945 352 1987 Similis
393 1947 581 1998 sequenti
619 1958 651 1987 5.
686 1946 834 2004 Cydno
849 1947 1096 2001 flavicorni,
1136 1947 1209 1987 sed
1248 1948 1480 1988 membrana
1515 1948 1847 2001 hemielytrorum
1886 1950 1951 1989 di-

90 2019 274 2058 stinctius
305 2018 459 2068 albida,
490 2019 659 2072 clypeus
690 2024 729 2059 et
759 2025 972 2072 pronotum
1001 2019 1371 2073 rufo-marginata,
1402 2025 1442 2060 et
1463 2021 1602 2061 clavus
1624 2023 1726 2061 corii
1749 2022 1951 2075 hemiely-

89 2097 243 2132 trorum
274 2091 404 2145 niger.

200 2163 477 2203 Antennarum
508 2164 700 2205 articulus
738 2164 900 2205 ultimus
932 2165 1125 2205 crassior.
1185 2164 1395 2205 Antennae
1434 2171 1474 2206 et
1502 2166 1623 2207 tibiae
1655 2167 1830 2207 obscure
1863 2166 1952 2207 ser-

88 2236 300 2291 rugineae.
353 2236 510 2288 Corpus
542 2238 744 2290 impresso
774 2238 892 2291 nigro
913 2238 1201 2290 punctulatum,
1231 2238 1411 2279 nitidum.
1460 2239 1601 2293 Margo
1623 2240 1953 2294 hemielytrorum

89 2310 264 2349 extimus
296 2307 580 2363 ferrugineus:
613 2310 844 2350 membrana
875 2310 977 2350 alba.

134 2416 252 2449 Nota.
294 2416 400 2458 Cydn.
426 2416 559 2458 nigrim
582 2415 681 2449 Fabr.
703 2416 813 2460 (Syst.
834 2416 964 2461 Rliyng.
987 2415 1061 2450 184.
1081 2417 1111 2450 1.
1160 2417 1338 2450 Scothetus
1362 2417 1459 2460 Amy.
1478 2418 1554 2451 Ent.
1572 2418 1693 2462 Franc.
1711 2418 1765 2452 59.
1780 2417 1845 2461 36)
1870 2431 1951 2462 spe-

290 2479 359 2511 cies
391 2477 469 2510 mihi
501 2478 603 2511 dubia
636 2483 695 2510 est.
744 2478 833 2512 Clar.
858 2478 1065 2511 Bunmmsmn
1091 2479 1248 2522 (Handb.
1266 2480 1297 2512 d.
1315 2479 1448 2513 Ent.11.
1466 2478 1625 2524 376.10)
1649 2481 1737 2513 idem
1763 2491 1838 2514 esse
1863 2486 1955 2524 putat

289 2551 329 2573 ac
355 2539 436 2582 Cyd.
459 2539 591 2583 pic-{pes
616 2538 750 2573 Fallen!
799 2541 968 2573 Insectuni
994 2540 1137 2573 Fabricii
1174 2540 1320 2581 „colore
1352 2546 1443 2582 atro,
1475 2541 1536 2575 alis
1561 2542 1663 2583 albis,
1694 2542 1837 2585 pedibus
1861 2542 1953 2582 rufis,

286 2603 376 2635 tibiis
401 2601 559 2633 serratis“
585 2612 652 2634 non
679 2603 817 2635 omnino
843 2603 986 2646 quadrat
1010 2604 1043 2635 in
1069 2608 1218 2635 nostram
1245 2603 1404 2645 speciem.
1447 2603 1526 2645 cycl.
1545 2605 1678 2646 nim-ita
1696 2604 1790 2636 Herr.
1807 2603 1951 2636 Schaeff.

287 2663 345 2706 (in
369 2664 472 2696 Panz.
492 2669 581 2697 cont.
602 2663 709 2698 Faun.
725 2675 829 2708 germ.
851 2663 925 2697 126.
943 2662 1010 2707 23)
1044 2665 1099 2708 qui
1126 2664 1299 2697 brunneus
1334 2670 1386 2697 est
1410 2676 1427 2697 a
1452 2670 1567 2696 nostra
1591 2666 1704 2708 specie
1729 2676 1798 2698 non
1823 2666 1952 2699 differt!

180 2819 215 2864 1)
249 2821 367 2862 „Voici
399 2833 467 2855 une
491 2821 637 2854 Punaise
669 2820 714 2852 du
738 2820 848 2853 meme
880 2821 1076 2854 charactere
1111 2827 1143 2853 et
1168 2827 1245 2864 port
1270 2821 1436 2854 exterieur
1460 2830 1525 2863 que
1549 2820 1580 2853 la
1602 2822 1810 2864 precedente
1842 2822 1948 2866 (Cycl.

91 2877 346 2921 „llavicornis),
371 2879 454 2911 mais
478 2877 554 2921 plus
578 2877 681 2920 petite
707 2882 739 2909 et
762 2878 870 2909 moins
895 2879 1012 2911 ronde.
1061 2877 1106 2911 La
1132 2879 1217 2919 tete,
1244 2877 1392 2910 corcelet
1417 2882 1450 2909 et
1475 2879 1618 2909 ecusson
1644 2884 1720 2911 sont
1744 2879 1847 2911 histro
1870 2880 1949 2912 noi-

91 2942 178 2972 „res.
226 2933 271 2966 La
301 2935 372 2967 tete
404 2939 455 2967 est
486 2944 581 2967 assez
614 2933 719 2978 large.
768 2933 830 2966 Les
857 2936 942 2967 etuis
968 2945 1030 2968 son
1055 2936 1141 2968 brun
1168 2934 1293 2966 obscur
1315 2934 1418 2966 tirant
1442 2944 1484 2965 au
1508 2944 1610 2975 roux3
1650 2933 1681 2967 la
1706 2935 1812 2977 partie
1836 2941 1949 2968 trans-

92 2995 254 3031 „parente
286 2990 346 3023 des
380 2992 465 3023 etuis
499 2996 549 3023 est
581 2991 648 3034 gris
682 2989 838 3023 blanche.
885 2991 1098 3036 J'appereois
1132 3002 1198 3034 que
1228 2990 1260 3022 le
1293 2990 1405 3022 milieu
1430 2989 1475 3021 du
1499 2990 1646 3023 corcelet
1669 2997 1721 3023 est
1743 2992 1894 3034 deprime
1919 2999 1950 3025 et

93 3045 223 3085 „forme
247 3057 291 3077 un
317 3046 416 3078 sillon
442 3056 542 3079 creux
566 3046 792 3088 transversat,
825 3049 908 3080 mais
934 3049 955 3080 il
980 3049 1125 3081 n'arrivc
1154 3058 1214 3089 pas
1236 3045 1397 3089 jusqu’au
1422 3046 1517 3079 bord.
1565 3047 1615 3079 En
1641 3048 1781 3080 dessous
1807 3054 1877 3081 tout
1902 3055 1951 3081 ost

94 3101 192 3141 „noir
217 3101 342 3134 hermis
366 3102 416 3134 les
442 3108 550 3145 pattes
577 3104 633 3146 qui
658 3109 736 3136 sont
759 3104 879 3146 piceux
904 3115 988 3137 roux
1022 3110 1054 3136 ct
1087 3103 1126 3135 ils
1152 3104 1247 3134 n’ont
1271 3113 1379 3134 aucun
1405 3102 1475 3146 poil
1500 3105 1533 3136 ni
1558 3105 1672 3147 e'pine;
1712 3105 1732 3137 il
1756 3106 1863 3148 parait
1887 3117 1952 3150 que

97 3156 165 3197 „les
190 3162 297 3190 tarsos
322 3164 400 3191 sont
422 3159 498 3203 plus
523 3159 652 3193 claireS.
700 3159 762 3193 Les
788 3166 951 3193 antonncs
979 3161 997 3192 a
1022 3158 1042 3192 5
1067 3157 1200 3192 articles
1225 3159 1267 3191 de
1292 3157 1322 3191 la
1348 3159 1487 3193 couleur
1512 3160 1572 3193 des
1598 3164 1738 3204 pattes,“
1772 3162 1874 3205 Long.
1891 3161 1913 3196 2
1931 3163 1949 3195 Ι.

1633 3221 1687 3255 5κ
