2259 3506
970 196 989 215 w

812 197 1177 246 ——oel—

67 335 241 384 micans,
270 335 308 373 in
338 334 532 374 varietate
563 335 700 388 grisea
723 333 847 373 dilute
870 333 1095 374 flavescens
1117 334 1552 387 cupreo-maculatum.
1604 333 1757 374 Ostium
1780 339 1920 390 organi

67 406 264 447 odoriferi
304 407 343 446 in
381 411 650 456 metasternO,
690 419 891 459 magnum.
951 406 1165 446 Abdomen
1205 420 1335 461 supra
1371 407 1529 460 nigrum
1560 408 1743 461 margine
1774 408 1921 459 albido,

67 479 236 519 maculis
269 481 453 530 minutis,
490 479 702 532 oblongis,
741 479 869 532 nigris
901 483 1056 528 notate,
1093 476 1236 518 subtus
1266 479 1383 518 valde
1415 491 1638 520 convexum
1670 493 1759 520 cum
1790 481 1920 521 nitore

67 564 231 604 cupreo.
292 552 416 592 Color
447 564 622 605 cupreus
652 551 806 591 ventris
845 549 972 589 refert
1008 550 1204 590 maculam
1235 563 1417 604 magnam
1449 553 1603 604 postice
1634 553 1868 605 tripartitam
1899 567 1921 593 e

32 675 34 677 ,
65 625 194 664 tribus
233 627 349 676 quasi
389 625 575 664 seriebus
614 623 860 662 macularum
898 634 1132 675 magnarum
1172 622 1466 664 confluentibus
1506 624 1714 664 formatam
1753 638 1921 679 quarum

67 697 278 736 interstitia
308 696 544 736 suscescunt
574 699 640 735 aut
671 694 891 734 flavescunt
923 694 1145 734 secundum
1178 694 1358 734 colorem
1389 696 1545 737 insecti.
1592 697 1702 738 Ostia
1733 699 1921 750 spiracu-

64 768 195 808 lorum
225 767 535 809 abdominalium
567 779 619 806 ex
649 771 823 819 utroque
845 767 971 806 latere
1002 765 1185 806 referunt
1213 771 1357 818 puncta
1393 769 1624 820 rotundata,
1658 770 1925 825 diagonaliter

24 891 27 895 .
66 841 234 881 maculis
275 839 564 893 marginalibus
604 839 830 879 abdominis
870 840 1065 892 opposita.
1127 839 1386 892 Segmentum
1425 841 1540 880 anale
1579 842 1825 884 foemineum
1856 860 1923 883 ro-

66 911 279 952 tundatum
316 912 487 952 valvulis
528 911 683 952 duabus
725 913 909 952 maximis
951 913 1107 964 postico
1150 912 1352 962 clausum,
1393 913 1495 964 apud
1535 927 1669 955 mares
1700 921 1926 957 truncatum

67 990 295 1025 structurae
328 986 491 1025 omnino
522 986 578 1025 uti
609 986 649 1024 in
680 986 792 1024 Pem‘.
823 983 1070 1038 hipunclca‘a.
1129 984 1259 1025 Pedes
1290 984 1592 1036 suscescenteS,
1621 987 1715 1026 lieet
1745 991 1925 1035 testacei,

66 1058 123 1097 uti
155 1057 194 1096 in
225 1057 498 1110 praecedente
530 1058 666 1109 specie
699 1056 816 1097 fusco
847 1056 942 1096 licet
972 1058 1089 1110 nigro
1122 1057 1583 1109 maculato-punctulati.
1632 1059 1800 1098 Femora
1824 1061 1924 1100 sub-

65 1135 128 1170 tus
158 1142 305 1171 versus
337 1130 492 1182 apicem
524 1129 678 1169 macula
710 1141 854 1182 magna
886 1134 1033 1169 notata.
1094 1129 1312 1170 Tarsorum
1343 1130 1500 1170 articuli
1532 1132 1702 1170 extremi
1733 1132 1852 1186 nigri.

121 1217 432 1258 Adnotationes.
496 1218 559 1258 1⁰.
592 1218 819 1270 Specimina
851 1219 1058 1258 aestivalia
1089 1219 1247 1272 grisea,
1279 1219 1458 1259 colorem
1480 1219 1646 1259 nitidum
1666 1220 1926 1261 viridescen-

203 1296 303 1342 tem,
334 1290 577 1331 autumnalia
607 1290 906 1330 fuscescentem
939 1303 1132 1344 cupreum
1164 1291 1393 1332 ostendunt.

106 1364 171 1406 2⁰.
202 1364 292 1405 Non
322 1368 471 1404 tantum
505 1362 634 1417 W'ols,
671 1362 744 1403 sed
784 1362 871 1402 sere
910 1374 1050 1404 omnes
1082 1369 1175 1416 post
1204 1364 1313 1404 illum
1346 1366 1567 1417 scriptores
1600 1365 1770 1418 figuram
1804 1364 1927 1406 Cimi-

206 1438 264 1477 cis
284 1435 443 1492 perlati
467 1434 695 1475 Panzeri
734 1435 886 1487 (Faun.
910 1448 997 1489 ger.
1020 1434 1085 1478 33.
1108 1435 1189 1487 24>
1227 1437 1276 1476 ad
1308 1437 1410 1477 hanc
1441 1438 1619 1490 speciem
1651 1438 1927 1479 illustrandam

205 1510 347 1559 citant,
380 1521 483 1561 quae
515 1521 578 1547 me
603 1508 743 1561 judice
776 1509 889 1547 Perit.
921 1507 1113 1563 inflexam
1141 1508 1279 1549 Wolfii
1310 1511 1458 1562 optime
1489 1515 1782 1563 repraesentat.

108 1580 174 1623 3⁰.
208 1579 626 1636 Cimicemperlalum
664 1580 818 1635 figurae
857 1581 1148 1632 Panzerianae,
1195 1581 1406 1622 Herriclz
1436 1581 1716 1636 Schaefser
1751 1583 1872 1623 alium
1906 1596 1929 1623 a

208 1653 308 1694 Cim.
339 1653 489 1708 inflaret
517 1653 655 1692 Wolfii
687 1658 915 1703 autumans,
959 1653 1204 1694 Pentaloma
1235 1653 1461 1709 leporinum
1492 1655 1686 1707 appellat,
1733 1667 1813 1707 quo
1854 1654 1929 1695 sub

204 1726 366 1766 nomine
398 1727 437 1765 in
467 1726 609 1765 Museo
641 1725 891 1765 berolinensi
921 1726 1003 1765 vidi
1034 1739 1056 1765 e
1088 1727 1291 1767 Lusitania
1322 1727 1477 1780 aliquot
1508 1728 1727 1779 specimina
1754 1727 1929 1768 identica

205 1811 295 1839 cum
325 1811 422 1838 vcra
454 1800 567 1838 Penz‘.
599 1796 770 1852 inflexa,
803 1797 990 1851 adeoque
1022 1810 1169 1838 nomen
1199 1799 1277 1839 hoc
1308 1799 1554 1852 superfluum
1586 1799 1773 1840 reddunt.

108 1871 174 1913 4⁰.
209 1871 303 1910 Cim.
331 1872 499 1927 griseus
530 1872 897 1927 nigro-punctatus
927 1871 987 1911 De
1006 1871 1128 1911 Geeri
1158 1876 1197 1911 et
1230 1871 1329 1912 Cim.
1350 1871 1545 1927 perlatus
1575 1872 1744 1912 Fallenii
1775 1884 1929 1913 secun-

205 1944 298 1984 dum
328 1944 664 1996 descriptionem,
695 1944 814 1983 etiam
845 1955 926 1983 non
954 1943 1020 1983 hic
1051 1943 1123 1983 sed
1156 1944 1205 1983 ad
1235 1943 1354 1984 Pent.
1386 1942 1577 1998 inflexam
1608 1949 1801 1997 spectant.

108 2017 174 2058 5⁰.
206 2016 454 2056 Eusercoris
485 2015 667 2056 binomia
705 2015 833 2055 Halm.
862 2015 1004 2055 Wanz.
1033 2016 1079 2055 II.
1116 2014 1206 2057 130.
1238 2016 1332 2056 Tab.
1358 2016 1474 2056 LXX.
1511 2016 1577 2069 fig.
1604 2016 1706 2068 212,
1754 2017 1930 2057 varietas

203 2088 351 2141 pallida
379 2088 497 2129 Pent.
517 2088 712 2144 perlatae
740 2088 912 2128 videtur.

108 2161 174 2204 6⁰.
205 2161 314 2201 Inter
345 2162 446 2201 fines
476 2161 639 2214 Imperii
669 2160 831 2201 Russici
863 2160 1148 2213 inquirendum
1180 2162 1219 2200 in
1248 2159 1580 2215 Penlfpusillam
1602 2160 1929 2211 (Herr.Schaeff.

204 2235 245 2274 in
265 2231 383 2273 Panz.
407 2239 511 2273 cont.
537 2235 627 2276 115.
646 2232 684 2275 9.
709 2234 776 2283 5³)
808 2245 913 2285 quae
945 2245 966 2271 e
991 2232 1264 2286 descriptione
1287 2237 1327 2273 et
1347 2233 1498 2287 figura,
1529 2233 1668 2274 colore
1690 2234 1930 2284 rubicundo,

206 2306 341 2357 callis,
385 2311 424 2346 et
461 2306 598 2347 lunula
640 2306 729 2346 alba
776 2305 935 2346 scutelli
973 2304 1022 2344 P.
1054 2303 1314 2360 hipzmctatae
1357 2307 1604 2359 propinqua,
1649 2318 1671 2345 e
1707 2306 1845 2347 habitu
1892 2311 1931 2345 et

206 2379 335 2420 forma
366 2380 507 2431 capitis
542 2378 656 2419 Pent.
680 2377 871 2434 perlatae
900 2378 1030 2418 affinis
1062 2378 1233 2418 videtur.

67 2469 364 2510 Subdivisie
404 2468 561 2515 Quinta.
636 2468 762 2521 Caput
805 2467 1389 2522 oblongo-quadrangulare,
1433 2469 1564 2508 antiee
1603 2469 1681 2509 late
1718 2472 1928 2508 truncato—

175 2541 455 2591 rotundatum,
493 2542 824 2594 integerrimum3
865 2540 977 2580 frons
998 2539 1159 2595 plana:
1198 2541 1281 2580 lobi
1319 2541 1452 2594 clypei
1491 2540 1701 2594 fastigiati,
1739 2539 1929 2580 laterales

177 2615 369 2666 aequilati
400 2618 519 2654 extus
550 2626 689 2666 parum
720 2613 880 2663 inflexi,
917 2626 1083 2652 sursum
1112 2614 1336 2668 marg-inoffi
1363 2613 1476 2664 (fere
1508 2614 1565 2654 uti
1595 2614 1635 2652 in
1667 2611 1824 2652 subdiv.
1855 2623 1928 2651 se-

178 2690 360 2739 quente).
410 2687 686 2726 Antennarum
720 2685 877 2726 articuli
909 2685 1114 2725 secundus
1146 2691 1185 2725 et
1216 2686 1358 2725 tertius
1390 2686 1430 2724 in
1460 2690 1634 2737 utroque
1657 2696 1759 2724 sexu
1781 2685 1929 2736 aequi-

177 2759 311 2814 longi,
350 2760 615 2812 sequentibus
655 2758 861 2812 aequales.
923 2757 1074 2811 Anguli
1111 2759 1271 2810 pronoti
1309 2757 1541 2798 humerales
1582 2757 1806 2807 rotundati‚
1849 2769 1929 2797 non

178 2833 367 2884 porreeti.
427 2832 641 2872 Abdomen
671 2833 711 2871 in
742 2843 846 2872 sexu
876 2830 1079 2871 foemineo
1110 2831 1312 2879 conicum,
1343 2835 1516 2869 aculam.
1576 2829 1732 2882 Corpus
1762 2829 1930 2869 minoris

176 2905 484 2959 magnitudinis,
527 2904 698 2954 nudum,
742 2904 885 2943 nullibi
924 2903 1124 2943 metallice
1164 2903 1314 2942 nitens:
1374 2900 1657 2957 Stagonomus
1692 2902 1809 2954 Amy.
1840 2901 1928 2941 Eut.

177 2977 241 3016 Fr.
263 2977 329 3019 76.
352 2976 418 3019 58.

68 3086 134 3127 40.
182 3085 363 3130 Pent.
393 3088 986 3140 bipunctata<Lin11.);
1038 3086 1189 3135 ovalis,
1238 3085 1428 3137 utrinque
1473 3084 1608 3125 crebre
1635 3083 1931 3140 profimdeque

178 3160 632 3211 impresso-punctam,
670 3161 812 3201 subtus
844 3160 961 3199 valde
992 3170 1198 3207 convexa,
1239 3169 1359 3210 supra
1390 3158 1567 3198 obscure
1597 3159 1739 3208 rubra,
1769 3159 1929 3198 tenuis-

1622 3228 1661 3263 11
