2259 3506
267 328 481 359 asservare
521 312 702 353 valuerit.
764 309 847 348 Hoc
888 309 926 345 in
971 307 1137 358 negotio
1176 304 1378 356 stipendio
1418 315 1612 355 perquam
1657 303 1818 342 modico
1858 313 1979 350 usus,
2021 299 2126 339 haud

268 390 430 443 quidem
471 385 664 437 impensis
705 381 799 421 ullis
834 377 1045 430 parcebat,
1082 381 1159 415 tam
1199 376 1419 425 librorum,
1464 386 1635 426 quorum
1676 374 1907 426 adjumento
1947 384 2048 423 opus
2090 372 2128 410 ei

269 466 378 510 erat,
417 470 534 510 quam
566 457 811 495 insectorum
844 449 1097 489 exoticorum
1130 448 1283 500 gratia,
1325 447 1472 498 quibus
1504 445 1740 485 coemendis
1771 445 2007 496 ceterisque
2040 443 2129 483 aliis

270 530 470 586 ejusmodi
500 529 679 578 impensa
709 522 816 561 nulla
848 520 1116 560 detinebatur.
1149 543 1200 548 —

381 602 504 653 Cujus
536 596 623 636 miri
656 592 776 633 studii
807 604 854 631 ac
885 591 1083 631 indefessi
1112 591 1265 631 laboris
1289 601 1412 642 ergo,
1444 586 1781 628 Pertlze'esius
1813 586 2014 628 Stanislao
2039 585 2130 625 Au-

273 681 391 731 gusto
423 670 524 722 Regi
556 667 658 706 adeo
690 675 809 704 carus
842 667 1117 714 acceptusque
1150 661 1280 702 factus
1313 665 1399 710 est,
1439 664 1481 699 ut
1520 670 1600 697 non
1641 658 1794 707 solum,
1836 670 1924 697 cum
1956 658 1995 696 in
2027 656 2130 695 sub-

268 748 374 790 urbii
405 738 687 783 Varsaviensis
720 748 814 776 casa
846 735 950 774 idem
983 735 1177 787 degeret,
1221 744 1302 785 quo
1341 733 1429 771 loca
1469 731 1560 771 urbi
1599 731 1860 782 circumjecta
1892 740 1942 767 eo
1975 728 2132 766 minore

269 812 523 860 incommodo
555 812 804 849 insectorum
834 805 1103 859 legendorum
1135 807 1263 857 gratia
1295 804 1475 844 invisere
1507 803 1544 842 ei
1576 802 1743 852 liceret,
1782 813 1862 840 non
1894 800 2025 840 solum
2058 811 2132 838 rex

272 902 360 931 cum
392 898 441 926 eo
474 882 635 934 scriptis
667 878 1044 926 communicaverit,
1086 876 1157 916 sed
1192 876 1309 915 etiam
1341 875 1456 926 gravi
1496 873 1638 913 morbo
1670 873 1846 912 habitum
1879 883 2002 922 saepe
2035 882 2133 910 sae-

271 964 444 1014 piusque
476 953 661 994 inviserit
692 963 738 990 ac
769 951 858 1002 ejus
890 947 1187 989 consuetudine
1221 946 1406 985 familiari
1438 958 1485 985 ac
1516 945 1724 996 colloquio
1756 956 1855 984 usus
1887 943 2021 983 fuerit.

384 1026 630 1068 Labentibus
662 1024 743 1074 jam
785 1034 830 1060 ac
862 1021 1002 1060 labore
1036 1019 1227 1059 continuo
1267 1017 1444 1057 defessis
1475 1017 1631 1056 viribus
1663 1028 1871 1069 aegraque
1902 1013 2134 1054 valetudine

273 1104 378 1144 idem
413 1096 745 1138 Pertlze'esius
777 1105 810 1133 a.
837 1090 965 1141 1708,
997 1102 1190 1143 supremo
1221 1089 1481 1142 Imperatoris
1506 1090 1627 1142 jussu
1647 1088 1842 1127 Varsavia
1874 1087 2028 1126 Vilnam
2060 1096 2134 1124 ac-

273 1174 472 1219 cersitus,
502 1167 729 1216 iisdemque
762 1162 985 1203 commodis
1007 1162 1186 1212 habitus,
1219 1162 1366 1214 quibus
1388 1161 1520 1200 adhuc
1542 1161 1749 1209 utebatur,
1780 1160 1965 1199 alumnos
1987 1158 2135 1196 Pet-ro-

273 1246 355 1299 poli
387 1242 462 1282 sibi
494 1239 642 1277 missos
674 1239 914 1284 sumptuque
947 1234 1152 1272 Caesareo
1183 1232 1325 1271 Vilnae
1358 1232 1645 1283 stipendiatos,
1685 1232 1723 1270 in
1755 1229 2065 1284 Topograpliica
2097 1232 2135 1267 et

275 1315 584 1359 Architecturae
616 1305 798 1345 militaris
831 1304 985 1343 artibus
1016 1306 1094 1342 rite
1127 1302 1320 1353 docebat,
1352 1303 1602 1342 adstantibus
1634 1303 1692 1342 illi
1713 1304 1774 1342 rei
1805 1303 1990 1355 ejusdem
2022 1301 2136 1352 peri-

274 1390 430 1430 tissimo
475 1379 734 1425 centurione,
779 1377 1029 1427 capitaneum
1075 1375 1198 1426 vulgo
1245 1374 1402 1424 dicunt,
1457 1373 1694 1428 Czapslii,
1744 1374 2011 1426 ejusdemque
2057 1372 2139 1411 filio

275 1453 539 1501 Eduardo,
580 1448 763 1501 inprimis
804 1445 911 1498 quod
943 1444 1287 1486 Pertlze'esius
1319 1446 1402 1498 jam
1434 1446 1474 1485 in
1507 1446 1595 1485 dies
1635 1447 1762 1499 magis
1802 1447 2016 1499 magisque
2047 1445 2137 1484 visu

275 1529 492 1570 laboraret.
537 1522 680 1573 Neque
711 1519 777 1557 hic
808 1518 887 1557 loci
919 1522 1051 1556 tamen
1084 1518 1198 1568 operi
1230 1518 1392 1569 incepto
1423 1517 1670 1567 indulserat,
1703 1518 1774 1557 sed
1798 1529 1902 1570 quae
1930 1521 2038 1556 tanto
2062 1516 2139 1555 tri—

276 1602 385 1655 ginta
416 1595 579 1636 circiter
609 1603 805 1632 annorum
836 1590 926 1629 nisu
959 1601 1005 1628 ac
1046 1589 1181 1628 studio
1222 1589 1378 1628 insecta
1417 1588 1597 1642 legerat,
1634 1589 1748 1629 hisce
1788 1590 1865 1629 rite
1897 1587 2139 1628 definiendis

277 1677 397 1724 atque
429 1662 750 1716 franco-gallico
783 1672 972 1700 sermone
1005 1660 1288 1700 describendis
1321 1660 1369 1699 ab
1402 1672 1506 1699 anno
1539 1658 1829 1702 1801—1803
1866 1672 2030 1712 operam
2062 1659 2140 1698 de-

278 1743 353 1791 dit,
382 1746 463 1780 tum
494 1736 615 1776 multa
639 1745 780 1773 eorum
803 1737 879 1771 tam
903 1735 1092 1770 accurate
1114 1731 1353 1782 delineavit,
1386 1732 1679 1784 coloribusque
1702 1732 1751 1771 ad
1773 1733 1906 1772 vivum
1930 1731 2140 1783 expressis

279 1811 478 1865 depinxit,
508 1807 677 1859 partium
710 1803 865 1856 analysi
896 1803 1051 1855 adjecta
1083 1802 1186 1843 adeo
1219 1805 1326 1843 omni
1359 1816 1410 1843 ex
1441 1808 1554 1855 parte
1586 1804 1769 1843 absoluta
1802 1808 1842 1843 et
1872 1803 2067 1856 perfecta,
2099 1807 2142 1842 ut

277 1886 345 1924 vix
384 1881 602 1935 quidquam
643 1878 682 1915 in
720 1888 769 1915 eo
808 1886 962 1928 genere
995 1874 1217 1914 studiorum
1258 1889 1278 1915 a
1320 1876 1463 1928 quovis
1509 1876 1862 1928 entomologorum
1903 1875 2140 1915 difficillimo

280 1959 504 2004 cunctaque
536 1950 585 1990 ad
608 1954 732 1989 artem
756 1946 998 1997 exquisitam
1020 1947 1230 1985 revocanti
1254 1946 1567 1987 desiderandum
1589 1947 1721 1986 videri
1751 1952 1902 1998 posset.
1948 1947 2005 1986 Ea
2027 1947 2139 1986 visus

279 2025 538 2066 contentione
569 2018 904 2060 Per-themius
936 2018 1063 2057 aciem
1096 2018 1308 2057 oculorum
1340 2020 1500 2070 penitus
1531 2018 1807 2068 labefactavit,
1838 2018 1941 2058 adeo
1973 2024 2015 2058 ut
2048 2018 2140 2059 suf—

279 2097 439 2137 fusione
484 2095 798 2146 ingravescente
848 2102 894 2129 ac
948 2089 1035 2128 fere
1082 2094 1330 2130 excoecatus
1374 2102 1478 2130 anno
1526 2088 1635 2131 1810
1687 2092 1935 2142 operationis
1980 2103 2076 2142 ope,
2118 2103 2138 2130 a

278 2167 656 2210 Kautzmanno,
688 2161 995 2213 oplitlialmiatro
1028 2161 1290 2212 Dorpatensi,
1321 2162 1361 2201 in
1392 2162 1522 2202 altero
1554 2161 1674 2201 oculo
1704 2162 1781 2202 rite
1812 2163 2014 2212 instituta,
2045 2163 2141 2202 licet

278 2239 408 2277 visum
447 2237 731 2286 recuperaret,
776 2231 1036 2270 nihilominus
1074 2236 1204 2271 tamen
1245 2233 1364 2284 paulo
1402 2238 1494 2284 post
1532 2234 1677 2273 iterum
1717 2234 1859 2274 eadem
1899 2235 2139 2287 gravissima

279 2309 501 2348 calamitate
532 2315 753 2357 oppressus
785 2307 860 2342 est.
906 2303 1121 2342 Praeterea
1153 2314 1373 2343 accessere
1403 2304 1480 2343 alia
1502 2310 1721 2355 provectae
1738 2307 1819 2357 Jam
1852 2307 1994 2346 aetatis
2026 2306 2141 2354 mala,

280 2379 429 2431 quibus
459 2379 498 2417 in
532 2377 618 2416 dies
650 2375 777 2427 magis
809 2375 1021 2426 magisque
1052 2374 1287 2414 labefactari
1319 2377 1475 2426 coepit,
1506 2377 1558 2415 ita
1589 2381 1632 2415 ut
1657 2377 1739 2428 jam
1771 2378 2072 2430 septigenarius
2104 2391 2138 2418 a.

282 2449 411 2499 1812,
441 2449 577 2488 missis
609 2446 723 2485 factis
755 2445 965 2496 discipulis
997 2446 1102 2495 suiS,
1135 2450 1308 2497 quatuor
1339 2458 1531 2496 numero,
1562 2447 1602 2486 in
1634 2453 1767 2488 castra
1797 2449 1946 2489 bellica
1976 2449 2138 2489 Rosso-

279 2534 366 2561 rum
405 2518 689 2571 Imperatoris,
725 2516 804 2555 vita
841 2516 994 2555 urbana
1031 2517 1279 2567 posthabita,
1324 2518 1409 2558 ruri
1453 2519 1655 2570 reliquum
1694 2524 1853 2571 tempus
1892 2521 1932 2560 in
1971 2521 2140 2571 praedio

279 2591 420 2631 Vilnae
458 2589 624 2638 confini,
664 2586 921 2638 Mazuryszki
961 2588 1184 2639 appellant,
1230 2589 1498 2639 concederet,
1537 2590 1604 2630 ubi
1650 2591 1826 2631 triennio
1867 2596 1959 2643 post
1998 2604 2138 2632 mense

280 2661 494 2701 Decembri
525 2674 559 2701 a.
592 2657 718 2708 1815,
749 2658 829 2697 ileo
861 2657 1098 2708 confectus,
1128 2658 1233 2697 diem
1266 2671 1499 2711 supremum
1531 2661 1641 2700 obiit.
1675 2685 1726 2690 -

390 2732 460 2772 His
490 2730 751 2783 praemonitis
783 2729 832 2768 de
864 2729 972 2779 viro,
1004 2730 1053 2769 de
1085 2741 1130 2769 re
1162 2731 1462 2783 entomologica
1493 2733 1599 2772 inter
1629 2736 1833 2773 nostrates
1864 2735 2138 2785 meritissimo,

280 2803 331 2843 de
362 2802 452 2842 fatis
483 2803 663 2853 ejusdem
695 2800 902 2841 doctrinae
942 2801 981 2840 in
1012 2800 1282 2841 Universitate
1314 2802 1554 2843 Litterarum
1582 2803 1765 2843 Vilnensi
1812 2816 1939 2855 pauca
1977 2818 2137 2846 memo-

279 2873 405 2913 randa
436 2873 530 2911 mihi
561 2878 663 2913 sunt.

388 2944 602 2994 Postquam
633 2944 680 2983 L.
711 2943 762 2982 H.
792 2942 1023 2997 Bojanns
1060 2954 1198 2994 parum
1230 2943 1467 2983 commodae
1498 2944 1741 2985 valetudinis
1772 2957 1895 2986 causa
1928 2947 2069 2988 Vilnae
2100 2961 2135 2990 a.

280 3012 388 3056 1824
408 3015 692 3064 valedixisset,
722 3014 1040 3054 Fortunatas
1057 3015 1315 3055 Jurewicz
1336 3019 1489 3065 autem,
1511 3017 1685 3067 optimae
1707 3017 1855 3057 indolis
1878 3018 2136 3070 adolescens,

277 3085 357 3124 cito
391 3085 576 3127 adversis
614 3086 704 3126 fatis
742 3089 905 3136 ereptus
937 3085 1168 3137 doctrinae,
1207 3097 1323 3137 quam
1363 3086 1647 3139 profitebatur,
1688 3089 1757 3129 vix
1797 3089 1958 3130 triennii
1999 3092 2128 3142 spatio
