2259 3506
804 201 1209 250 ——llil———

163 332 361 364 Pentatoma
386 333 502 365 bidens
530 333 614 365 Latr.
636 333 721 366 ssoit.
744 334 830 367 Man.
848 335 901 367 53.

162 393 276 424 Arma.
301 394 417 426 bidens
445 394 551 426 Halm.
573 395 687 427 Wanz.
707 396 728 427 l.
748 394 801 428 9⁴2.
822 395 902 428 Tab.
918 396 985 427 XV.
1006 398 1060 439 fig.
1075 396 1128 429 51.
1150 398 1277 439 (opt).

161 454 294 497 Asopus
321 454 439 487 bidens
464 455 576 487 Burm.
600 456 732 489 Ilandb.
756 457 787 489 d.
808 457 885 490 Ent.
904 457 943 489 11.
961 456 1038 490 379.
1057 457 1086 490 (5.

162 515 377 548 Picromerus
403 516 519 548 bidens
544 517 640 559 Amy.
660 524 691 549 et
709 518 795 550 Aud.
815 518 910 550 Serv.
932 518 1025 551 llem.
1043 517 1096 551 84.
1119 518 1145 550 1.

164 577 377 608 Pieromerus
403 577 498 618 Amy.
518 577 592 609 Ent.
614 578 734 620 Franc.
751 577 803 611 53.
823 577 878 611 27.

182 653 342 693 Habitat
373 656 412 693 in
445 655 653 706 sylvaticis
686 655 895 695 frondosis
926 668 999 707 per
1032 661 1153 696 totam
1186 656 1458 707 Lithuaniam,
1491 663 1643 705 rarius:
1694 664 1800 702 circa
1833 664 1939 704 Var-

72 725 222 764 saviam
253 726 477 776 (Perthes).
537 726 705 765 Aestate
738 728 777 765 in
808 727 953 778 plantis
987 739 1177 780 agrorum
1212 729 1507 779 quiescentium
1542 732 1642 772 locis
1675 734 1878 785 sylvaticis
1902 738 1939 775 in

72 797 186 848 sylva
217 797 460 836 Bialovesha
493 796 733 848 frequenter
764 800 955 838 occurrit.

181 880 243 919 Ex
273 880 411 919 habitu
442 885 481 919 et
512 882 788 934 magnitudine
821 883 926 920 inter
956 882 1271 934 praecedentem
1305 888 1345 922 et
1372 883 1736 940 I'ent.r1tfipedenz
1768 892 1936 940 medius,

71 952 143 991 sed
175 964 227 991 ex
256 952 385 1003 primo
417 953 581 1001 intuitu,
616 958 779 1004 praeter
811 954 946 1004 spinas
978 953 1210 994 humerales
1243 956 1499 995 acutissimas
1533 962 1804 1011 staturamque
1837 975 1936 1002 cor-

68 1024 275 1076 pulosam,
307 1024 491 1075 plurimis
523 1025 612 1064 aliis
645 1027 772 1074 notis,
803 1026 851 1064 ab
883 1026 1069 1077 utrisque
1103 1026 1221 1065 facile
1254 1026 1579 1080 distinguendus.

181 1106 339 1159 Corpus
372 1108 517 1147 insecti
547 1109 627 1147 vivi
650 1108 1337 1163 fusco-sanguineo—variegatum,
1370 1111 1515 1149 mortui
1539 1116 1578 1149 et
1599 1114 1794 1153 exsiccati
1817 1128 1937 1168 supra

70 1193 263 1233 opaeum,
306 1179 626 1231 planiusculum,
665 1180 850 1220 brunneo
882 1194 918 1219 v.
953 1180 1445 1235 fusco-aeneo-griseum
1487 1184 1644 1234 punctis
1678 1186 1937 1227 creberrimis

70 1252 198 1304 nigris
230 1252 464 1303 impressis,
495 1252 762 1291 minutissime
794 1252 1038 1303 inspersum.

183 1333 310 1386 Caput
331 1339 588 1387 porrectum,
621 1334 973 1388 quadrangulare,
1005 1338 1136 1376 anlice
1158 1338 1451 1390 marginatum,
1483 1342 1730 1388 truncatum,
1762 1341 1935 1396 integer-

68 1407 212 1445 rimum
241 1406 367 1456 (lobis
400 1407 533 1459 clypei
566 1406 827 1459 fastigiatis),
859 1408 1037 1458 fuscum,
1069 1421 1239 1460 opacum
1272 1414 1338 1448 aut
1366 1411 1677 1459 aeneo-nitens,
1710 1425 1798 1451 cum
1829 1416 1937 1453 striis

69 1478 204 1529 parvis
245 1478 366 1518 fulvis
405 1479 453 1518 ad
492 1479 621 1519 basin.
681 1479 872 1519 Rostrum
912 1492 1211 1532 compressum,
1257 1481 1504 1530 flavescens,
1541 1484 1722 1523 articulis
1766 1486 1937 1538 vaginae

68 1551 219 1602 primo,
250 1552 369 1590 tertio
402 1556 441 1590 et
472 1556 615 1603 quarto
640 1551 925 1604 aequilongis,
957 1552 1138 1592 secundo
1162 1553 1364 1605 longiore.
1415 1553 1626 1593 Antennae
1650 1556 1801 1605 filatae,
1830 1562 1936 1596 totae

68 1628 412 1675 purpurascentes
445 1629 513 1663 aut
543 1624 845 1672 sulvescentes,
882 1623 970 1663 basi
1001 1624 1236 1675 pallidiore:
1283 1625 1453 1664 articulo
1492 1626 1621 1676 primo
1655 1629 1937 1677 minutissimo,

68 1695 241 1747 reliquis
280 1695 504 1748 elongatis,
547 1696 728 1735 secundo
773 1696 892 1735 tertio
932 1696 1132 1749 longiore.
1200 1696 1417 1736 Pronotum
1457 1698 1638 1749 griseum
1676 1701 1832 1749 postice
1871 1702 1938 1739 vix

69 1766 309 1816 obscurius,
341 1768 473 1806 antice
507 1767 726 1819 quidquam
760 1767 940 1816 declive,
973 1767 1091 1807 litura
1123 1767 1328 1807 ordinaria
1359 1773 1592 1809 transversa
1615 1770 1813 1820 obsoleta,
1846 1772 1937 1811 loco

68 1843 201 1878 autem
236 1839 326 1891 ejus
359 1840 467 1878 circa
499 1839 673 1878 medium
694 1840 866 1893 punctis
898 1844 1098 1892 quatuor,
1139 1839 1328 1885 callosas,
1356 1840 1615 1896 ferrugineis
1646 1844 1938 1883 transversali—

69 1911 168 1961 bus,
199 1915 400 1959 notatum;
434 1912 641 1963 margines
673 1910 863 1950 laterales
895 1912 1046 1950 minute
1079 1910 1584 1961 crenulato-tube1·culati;
1621 1915 1760 1965 spinae
1791 1915 1937 1954 hume-

69 1982 177 2022 rales
211 1983 378 2038 nigrae,
411 1983 596 2028 corneae,
628 1987 774 2021 aezn‘ae
803 1982 1109 2021 horizontaliter
1139 1985 1347 2022 extensae.
1410 1984 1631 2024 Scutellum
1663 1986 1803 2025 colore
1834 1999 1935 2038 pro—

69 2055 176 2103 noti,
208 2054 373 2093 dimidio
407 2054 622 2093 abdomine
648 2054 832 2106 longius,
862 2053 942 2091 late
973 2055 1158 2093 conicum
1192 2066 1222 2093 s.
1243 2053 1535 2108 parabolicum
1565 2059 1627 2106 (ut
1657 2058 1696 2096 in
1727 2058 1936 2109 Eysarco-

68 2126 246 2175 ridibus)
278 2126 392 2177 apice
425 2125 654 2176 discolore,
694 2125 866 2176 pallido;
911 2130 1099 2176 punctum
1140 2125 1335 2165 callosum
1367 2126 1499 2166 rufum
1532 2128 1581 2166 ad
1611 2133 1827 2181 utrumque
1858 2143 1935 2169 an—

69 2198 231 2251 gulum,
277 2202 317 2236 et
362 2208 485 2249 saepe
533 2197 641 2236 aliud
683 2197 814 2236 simile
854 2198 893 2236 in
929 2197 1062 2235 medio
1101 2197 1232 2236 lineae
1272 2197 1472 2237 basilaris.
1515 2222 1565 2227 —-
1605 2200 1749 2239 Pectus
1795 2201 1936 2240 subtus

70 2274 314 2318 testaceum,
347 2270 466 2322 nigro
498 2269 698 2320 impresso
731 2272 962 2320 punctatum
997 2281 1085 2307 cum
1119 2270 1303 2319 pluribus
1325 2270 1514 2319 maculis,
1545 2271 1680 2310 nitidis
1702 2273 1936 2325 sanguineis

70 2346 138 2381 aut
168 2341 373 2381 coccineis
403 2345 441 2379 et
472 2353 550 2380 una
582 2353 726 2393 magna
758 2341 796 2379 in
828 2340 971 2379 lamina
1006 2342 1196 2380 metanoti
1227 2342 1284 2380 uti
1315 2342 1461 2381 ostium
1492 2343 1766 2382 excretorium
1788 2343 1936 2383 bursae

71 2412 319 2452 odoriferae.
380 2412 517 2463 Raphe
551 2412 739 2451 sternalis
772 2411 979 2461 distincta,
1011 2413 1246 2452 carinulata.
1297 2413 1546 2465 Hemielytra
1578 2415 1736 2466 grisea,
1768 2415 1936 2454 mac-ulis

71 2485 234 2524 minutis
268 2484 417 2533 fuscis,
457 2485 636 2535 sparsis,
675 2485 875 2536 inspersa.
935 2484 1166 2523 Membrana
1198 2489 1238 2523 et
1267 2484 1357 2523 alae
1388 2487 1750 2535 aeneo—nitentia,
1790 2487 1935 2524 imma—

71 2556 215 2596 culata.
286 2555 501 2595 Abdomen
548 2557 586 2594 in
632 2556 781 2595 ambitu
825 2555 1104 2604 rotundatum,
1151 2569 1271 2607 supra
1316 2557 1474 2609 nigrum
1524 2557 1593 2595 sed
1634 2569 1778 2597 versus
1817 2569 1935 2596 anum

71 2629 412 2672 aeneo-micam,
451 2628 736 2679 marginatum,
782 2628 963 2680 margine
1006 2628 1244 2679 hemielytra
1284 2627 1530 2675 excedente,
1573 2627 1662 2677 plus
1700 2628 1764 2667 vel
1806 2629 1935 2667 minus

72 2699 259 2739 distincte
292 2698 410 2739 fusco
450 2703 489 2737 et
521 2699 781 2751 ferrugineo,
818 2700 1040 2751 variegato.
1101 2699 1252 2737 Venter
1284 2698 1659 2738 fusco—rufescens
1691 2700 1807 2739 valde
1839 2714 1935 2738 con-

72 2784 218 2818 vexus,
252 2770 464 2810 confertim
496 2770 1154 2823 impresso-nigro-punctatus,
1188 2775 1398 2822 segmento
1430 2769 1567 2809 ultimo
1598 2785 1758 2825 semper
1784 2771 1935 2821 (inter-

74 2843 166 2882 dum
198 2847 238 2881 et
267 2843 516 2894 penultimo)
556 2841 659 2894 apud
698 2841 895 2881 foeminas
933 2841 1093 2881 macula
1131 2856 1286 2896 magna
1324 2840 1500 2895 elliplica
1532 2842 1782 2896 nigricante,
1832 2842 1935 2893 apud

74 2926 209 2953 mares
249 2915 338 2966 ejus
376 2914 468 2953 loco
517 2914 618 2952 stria
651 2913 899 2967 nigricante,
944 2918 1093 2952 notato.
1173 2912 1474 2964 Spiraculorum
1512 2913 1750 2952 ventralium
1788 2913 1935 2952 indicia

73 2985 200 3023 striae
245 2985 542 3024 transversales
593 2986 831 3036 impressae.
891 2985 1020 3023 Pedes
1065 2984 1134 3022 toti
1180 2982 1436 3023 rufescentes
1482 2985 1747 3024 minutissime
1792 2984 1936 3023 fusco-

74 3056 263 3106 punctati.
323 3056 459 3095 Tibiae
502 3061 730 3096 antrorsum
771 3067 964 3094 mucrone
1005 3054 1195 3102 normali,
1247 3053 1399 3093 femora
1440 3057 1640 3094 anteriora
1683 3056 1823 3094 subtus
1864 3056 1937 3094 sub

76 3128 190 3179 apice
222 3126 361 3175 dente,
393 3132 556 3167 armata.
615 3127 729 3166 Tarsi
761 3127 874 3176 apice
908 3126 1023 3165 fusci.

1634 3199 1673 3232 16
