2259 3506
862 214 1232 263 ——s›l-

223 351 458 404 Magnitudo
490 350 759 391 Pentalmnae
791 351 999 391 olet-aecae
1031 350 1104 389 sed
1136 350 1272 397 latim-3
1313 350 1352 387 in
1385 351 1587 388 structura
1618 346 1888 386 Pentatomae
1918 348 1978 384 ηιξ

106 423 293 477 grie-orni
321 423 490 463 accedit.
514 447 566 452 —
599 422 756 474 Corpus
788 435 976 474 parvum,
1008 422 1085 461 late
1118 426 1300 471 ovatum,
1332 420 1610 469 rotundatum,
1642 430 1764 470 supra
1796 429 1979 468 opacum,

109 492 274 533 lividum
314 495 466 534 rubore
500 495 698 535 suffusum
738 506 812 534 seu
853 495 1004 534 coloris
1043 492 1368 549 ear-rophyllini,
1408 492 1550 532 subtus
1582 491 1748 531 nitidum
1781 490 1978 528 immacu-

109 565 254 615 latum,
302 579 443 619 margo
484 571 691 606 extremus
732 566 958 605 abdominis
1004 566 1212 614 dilatatus,
1258 564 1427 604 maculis
1474 564 1720 604 ocellaribus
1764 561 1978 615 geminatis

74 657 76 660 f
110 636 237 676 fuscis
269 638 459 690 utrinque
492 643 673 688 notatus,
704 638 831 690 pedes
864 637 1108 677 concolores
1140 641 1180 676 et
1210 641 1406 676 antennae
1437 636 1524 675 basi
1556 635 1804 688 sanguineae
1827 633 1978 685 optime

108 708 211 748 hanc
242 710 421 761 speciem
453 722 474 749 a
505 711 618 749 Penl.
642 710 867 764 nzgrz'corni
895 709 1166 762 distinguunt,
1198 721 1287 747 cum
1321 721 1400 760 qua
1432 712 1592 759 praeter
1623 706 1795 760 angulos
1816 706 1976 757 pronoti

108 779 146 818 in
178 781 382 820 nonnullis
414 781 719 821 characteribus
750 782 952 820 convenit.

220 852 346 904 Caput
375 865 541 905 parvum
564 854 695 893 antiee
718 855 1036 907 emargina1um3
1068 853 1162 891 lobo
1186 851 1320 891 medio
1343 851 1476 903 clypei
1497 852 1707 902 utrinque,
1739 849 1974 890 lateralibus

107 928 256 964 tantum
287 926 490 977 margine,
530 926 627 964 stria
659 925 856 965 infuscata
888 926 1033 965 notatis
1067 937 1172 977 quae
1208 925 1248 963 in
1280 928 1492 975 pronotum
1524 923 1698 962 anticum
1731 923 1973 961 continuan—

106 1001 181 1035 tur.
242 996 359 1036 Oculi
397 997 517 1050 nigri.
577 997 789 1037 Antennae
830 999 918 1037 basi
959 999 1229 1051 sanguineae,
1270 996 1451 1036 articulis
1492 994 1651 1034 duobus
1690 994 1839 1033 ultimis
1879 993 1974 1032 totis

107 1067 233 1108 fuscis
265 1072 332 1107 aut
363 1069 505 1109 saltem
538 1070 678 1121 quinto
710 1071 825 1121 apice
857 1070 995 1119 fusco,
1027 1068 1208 1109 sec-undo
1240 1068 1356 1108 tertio
1388 1066 1585 1122 longiore.
1646 1066 1862 1105 Pronotum
1896 1066 1974 1105 late

105 1141 399 1192 trapezoidale,
438 1153 690 1192 convexum,
732 1143 902 1181 antice
940 1154 1080 1193 parum
1121 1141 1280 1180 declive
1319 1139 1506 1188 lividum,
1547 1150 1669 1189 saepe
1706 1138 1814 1176 striis
1846 1137 1974 1177 fuscis

105 1217 280 1265 quatuor
317 1217 516 1262 notatum3
561 1214 681 1254 litura
721 1215 925 1254 ordinaria
967 1214 1176 1262 obsoleta,
1215 1213 1416 1265 postico
1454 1221 1779 1262 purpurascens,
1816 1209 1974 1262 angulis

104 1284 381 1325 humeralibus
426 1285 659 1326 rotundatis
703 1287 771 1325 vix
817 1286 932 1326 basin
978 1286 1312 1338 hemielytrorum
1358 1283 1667 1323 excedentibus.
1754 1281 1974 1322 Scutellum

104 1357 597 1410 triangulari-conicum,
637 1359 832 1398 concolor
862 1359 1300 1411 livido-purpureum3
1346 1358 1385 1395 in
1415 1356 1522 1395 linea
1554 1354 1719 1394 basilari
1751 1355 1839 1405 eJ'us
1871 1353 1974 1392 duae

104 1430 285 1469 maculae
323 1442 493 1482 parvae,
544 1432 686 1484 nigrae
725 1431 1018 1482 punctiformes
1066 1435 1105 1470 et
1143 1430 1344 1469 interdum
1384 1428 1487 1467 duae
1533 1427 1636 1466 aliae
1682 1426 1974 1465 minutissimae

102 1514 248 1542 versus
281 1502 485 1555 singulum
519 1503 709 1556 angulum
741 1516 832 1543 una.
892 1503 1234 1555 Hemielytrorum
1267 1502 1423 1541 corium
1458 1497 1798 1540 roseo-lividum:
1841 1509 1973 1536 mem-

102 1574 226 1614 brana
257 1574 367 1624 alba,
398 1575 666 1615 immaculata.
718 1575 933 1615 Abdomen
964 1577 1119 1627 postice
1152 1574 1410 1614 rotundatum
1441 1573 1519 1612 late
1553 1571 1817 1623 niarginatum
1852 1581 1973 1621 supra

101 1647 286 1700 nigrum:
319 1647 502 1699 margine
533 1647 780 1687 flavescente
812 1660 833 1686 a
864 1647 1118 1700 hemielytris
1150 1659 1230 1686 non
1263 1647 1424 1685 obtecto
1450 1645 1499 1684 ad
1523 1644 1816 1683 commissuras
1839 1653 1971 1680 annu—

101 1720 233 1758 lorum
272 1723 476 1759 extremas
518 1719 688 1758 maculis
732 1719 893 1759 minutis
934 1719 1062 1759 fuscis
1103 1719 1350 1759 ocellaribus
1389 1717 1580 1767 utrinque
1612 1719 1761 1753 notato.
1821 1713 1974 1751 Venter

101 1803 332 1840 convexus,
369 1790 540 1840 nitidus,
574 1791 789 1840 concolor,
827 1791 1013 1843 pallidus.
1077 1791 1380 1842 Spiraculorum
1413 1787 1726 1829 abdominalium
1759 1786 1862 1825 ostia
1893 1785 1971 1823 ob-

101 1865 250 1914 soleta,
288 1863 356 1903 illa
385 1863 608 1914 pectoralia
641 1867 788 1915 puncto
820 1865 938 1917 nigro
970 1864 1175 1916 insignita.
1234 1863 1365 1902 Pedes
1396 1861 1533 1914 pallidi
1565 1858 1742 1913 pilosuli.
1802 1858 1971 1896 Femora

100 1949 220 1989 supra
260 1937 299 1976 in
337 1935 471 1975 medio
509 1940 657 1986 puncto
699 1937 817 1989 nigro
855 1941 1003 1976 notata.
1064 1936 1177 1976 Tarsi
1208 1934 1447 1990 ferruginei
1484 1937 1547 1972 aut
1585 1930 1816 1986 sanguinei.
1876 1928 1971 1967 Mihi

98 2015 247 2051 tantum
279 2008 480 2047 foeminae
511 2012 629 2047 notae
662 2013 765 2047 sunt.

143 2120 261 2154 Nota.
298 2118 422 2163 Figura
448 2118 560 2150 Wolfii
587 2123 819 2160 repraesentat
844 2118 932 2150 lianc
956 2118 1105 2161 speciem
1131 2117 1233 2160 paulo
1259 2123 1374 2150 nostra
1401 2122 1434 2148 et
1456 2116 1671 2148 Pertliesiana
1698 2114 1883 2151 minorem,
1908 2120 1971 2142 nec

299 2180 448 2213 ostendit
472 2179 545 2211 illas
571 2180 668 2212 strias
693 2179 723 2211 4.
750 2179 864 2212 fuscas
889 2180 922 2211 in
950 2180 1060 2223 capite
1094 2183 1126 2210 et
1150 2184 1318 2221 pronote,
1349 2189 1414 2211 nec
1440 2182 1566 2221 puncta
1591 2175 1612 2209 2
1637 2176 1732 2218 nigra
1757 2175 1790 2206 in
1817 2170 1970 2211 scutelto,

296 2252 384 2285 quae
407 2246 534 2274 tantum
561 2242 592 2273 in
621 2241 861 2284 speciminibus
887 2240 976 2272 bene
1002 2241 1211 2272 conservatis
1236 2241 1422 2283 conspicua
1448 2244 1533 2271 sunt.

95 2363 164 2408 52.
211 2364 391 2408 Pent.
415 2364 727 2421 fibulam*
758 2364 958 2415 (Germ.);
1000 2363 1235 2412 rotundata,
1266 2363 1427 2416 grisea,
1459 2375 1580 2414 supra
1612 2360 1967 2414 nigro-punctam,

210 2441 382 2490 pronote
414 2436 623 2476 latitudine
656 2435 881 2476 abdominis
913 2436 1070 2488 postice
1103 2435 1316 2488 angulatoz
1349 2435 1509 2488 angulis
1535 2435 1721 2484 utrisque
1745 2428 1967 2473 subrectis;

208 2509 461 2561 hemielytriS
493 2508 607 2548 disco
640 2508 758 2548 litura
789 2508 895 2547 lutea
918 2507 1184 2547 rhomboidea
1205 2508 1426 2548 introrsum
1450 2510 1607 2558 aperta:
1640 2505 1731 2544 sinu
1753 2500 1965 2545 infumato:

210 2582 425 2623 abdomine
457 2581 640 2633 margine
670 2581 901 2633 variegat03
934 2580 1158 2619 semoribus
1189 2580 1336 2619 annulo
1369 2580 1487 2632 nigro
1504 2577 1542 2617 ἧς.
1602 2577 1729 2628 Long.
1761 2572 1786 2614 3
1808 2573 1876 2611 lin.

189 2673 388 2704 Pentaloma
412 2668 612 2710 fibulatwn5
637 2669 805 2712 griseum,
830 2679 931 2712 supra
958 2669 1298 2712 nigro—punctatum,
1326 2673 1472 2710 pronote
1501 2665 1646 2703 mutico;
1672 2662 1856 2695 abdomine
1874 2669 1967 2692 mar-

232 2732 312 2775 gine
335 2731 528 2774 variegato,
552 2729 759 2771 hemielytris
782 2729 881 2761 litura
908 2729 1107 2772 rectangula
1134 2728 1220 2761 lutea
1247 2730 1382 2761 notatis.
1420 2727 1559 2759 Germar
1585 2725 1688 2757 Faun-
1713 2724 1775 2756 ins.
1795 2732 1863 2754 eur.
1880 2720 1964 2754 xiv.

232 2799 252 2825 t.
269 2791 322 2825 10.
340 2790 457 2834 (opt).

209 2871 367 2910 Habitat
397 2870 436 2909 in
467 2868 632 2908 Podolia
664 2869 842 2908 australi.

210 2942 379 2995 Species
409 2954 531 2993 parva
563 2941 699 2980 habitu
731 2941 834 2979 inter
857 2942 967 2980 Pent.
991 2942 1233 2995 impres-sam
1264 2944 1304 2978 et
1324 2938 1373 2979 P.
1398 2938 1579 2994 Lyncem
1601 2937 1744 2985 media,
1777 2933 1868 2973 huic
1900 2937 1963 2971 ta—

100 3026 191 3053 men
223 3015 350 3066 magis
381 3014 627 3065 propinqua,
659 3012 789 3051 lituris
822 3013 983 3052 minutis
1006 3013 1126 3052 luteis
1156 3013 1196 3050 in
1219 3011 1332 3050 corio
1353 3010 1685 3062 hemielytroriun
1708 3008 1756 3047 ab
1779 3005 1965 3045 omnibus

101 3086 221 3138 hujus
253 3086 418 3138 generis
447 3098 498 3125 ex
528 3086 658 3137 primo
687 3084 829 3123 intuitu
862 3085 991 3124 statim
1024 3082 1375 3136 recognoscenda.

213 3156 369 3207 Corpus
406 3169 527 3208 supra
558 3157 974 3209 griseo-obscurum,
1006 3167 1197 3206 opacum:v
1228 3156 1385 3206 punctis
1409 3155 1536 3208 nigris
1560 3153 1790 3204 impressis,
1820 3153 1965 3189 rotun-

1634 3222 1705 3257 1¹2⁹e
