2259 3506
1022 188 1390 240 „14-

396 333 585 387 Organon
627 331 874 372 odoriferum
905 328 1266 377 Heteropterorum
1304 330 1367 365 est
1404 326 1527 365 bursa
1565 326 1797 366 vesiculosa
1837 326 1939 365 flava
1978 326 2136 366 cavitati

286 406 525 446 abdominali
565 407 638 446 sub
677 401 903 444 visceribus
941 399 1109 439 inclusa.
1171 397 1283 438 Ostia
1323 399 1411 451 ejus
1450 398 1681 438 excretoria
1721 411 1842 450 supra
1873 398 2136 438 indicavimus

286 482 350 528 (δ.
370 476 437 529 8).

394 557 430 600 §.
457 552 519 593 14.
569 551 834 599 Heteroptera
871 545 1022 586 nullum
1061 558 1203 586 sonum
1240 544 1414 598 produnt
1453 550 1493 584 et
1530 558 1641 585 mere
1683 546 1838 597 aphona
1872 545 2028 584 insecta
2058 543 2137 583 dici

286 629 464 676 possunt.
522 620 725 662 Reduvini
751 617 1031 674 spongipedes
1063 623 1102 658 et
1133 630 1273 659 omnes
1302 617 1646 673 Harpactoricles,
1678 631 1797 659 manu
1826 621 2041 666 tractatae,
2072 617 2136 656 al-

285 697 451 737 terendo
497 695 657 746 occiput
699 693 942 745 laevigatum
987 692 1244 744 prothoraci‚
1294 692 1491 745 ingratam
1537 692 1858 732 stridulationem
1901 689 2138 730 Lamiarum

284 781 415 819 more,
443 767 680 820 producunt.

391 840 516 889 §.152
565 840 764 880 Maximae
801 839 926 891 partis
957 839 1338 890 Heteropterorum,
1378 842 1509 878 motus
1547 838 1833 878 ambulatorius
1871 835 2136 888 frequentior.

284 912 486 969 Capsisles
516 912 696 953 nonnulli
736 916 776 951 et
804 910 962 952 Saldae
999 912 1223 965 gryllorum
1255 911 1433 950 adinstar
1475 911 1631 951 saltant.
1690 909 1992 962 Hydrocorisae
2023 907 2136 948 solae

282 988 322 1027 in
361 1000 465 1039 aqua
502 987 639 1026 vivunt
679 990 718 1025 et
755 989 902 1025 natant.
961 985 1151 1037 Utrisque
1191 984 1239 1024 ad
1278 983 1453 1023 volatum
1491 984 1594 1035 apud
1626 983 1822 1036 imagines
1852 980 2138 1029 tantummodo,

282 1060 504 1100 inserviunt
541 1059 649 1109 alae,
690 1058 763 1098 scd
801 1058 960 1098 volatus
999 1058 1064 1096 hic
1104 1069 1183 1097 non
1221 1058 1434 1097 continuus
1475 1061 1513 1096 at
1548 1057 1684 1096 brevis
1715 1060 1755 1095 et
1783 1056 2049 1106 interruptus,
2089 1052 2136 1092 ad

282 1134 415 1173 locum
446 1132 675 1172 mutandum
707 1131 992 1180 necessarum,
1024 1130 1365 1170 animadvertitur.
1416 1129 1603 1170 Attamen
1634 1128 1830 1181 quaedam
1860 1139 2014 1181 genera
2043 1139 2079 1166 v.
2102 1138 2136 1165 c.

280 1204 521 1253 Micrelitra,
561 1202 742 1247 Hebrus,
780 1201 1062 1251 Limnobcztes.
1098 1202 1227 1243 selda
1258 1208 1298 1243 et
1316 1202 1607 1259 Hydromelra,
1639 1215 1743 1254 quae
1775 1200 1931 1241 etiamsi
1962 1200 2001 1239 in
2031 1199 2137 1239 vici-

281 1280 403 1319 nitate
435 1290 565 1331 aquae
596 1276 767 1329 degunt,
799 1281 866 1316 aut
896 1288 1019 1328 super
1050 1277 1177 1327 ipsam
1208 1289 1352 1328 aquam
1384 1280 1550 1316 currunt
1579 1287 1782 1327 nunquam
1813 1279 1945 1314 tamen
1971 1273 2011 1312 in
2032 1284 2138 1324 aqua

280 1355 434 1402 natant,
464 1363 574 1390 mere
607 1349 805 1400 amphibia
835 1349 914 1388 dici
945 1354 1128 1401 possunt.

389 1429 426 1471 ς.
452 1421 514 1465 16.
559 1422 802 1462 Alimentum
834 1435 856 1461 e
888 1434 1013 1462 succo
1044 1422 1332 1475 vegetabilium
1354 1421 1562 1471 hauriunt,
1592 1433 1668 1460 nec
1690 1421 1767 1460 nisi
1788 1420 2004 1472 pauciores
2025 1419 2137 1458 Lon-

280 1497 428 1552 giscuti
458 1495 722 1546 (Pentatoma
744 1493 898 1549 rufipes
930 1499 970 1534 et
998 1493 1170 1549 Asopas
1191 1492 1370 1543 luridus)
1400 1493 1534 1534 larvas
1555 1493 1915 1546 Lepidopterorum
1936 1492 2137 1532 infestant.

280 1571 433 1610 Larvae
464 1566 640 1608 Reduvii
656 1568 896 1622 personali,
939 1566 1127 1607 Cimicem
1156 1565 1408 1606 lectulariam
1443 1571 1707 1619 prosequunt.
1766 1566 1915 1621 Nepini
1946 1579 1968 1605 e
1999 1566 2138 1617 rapina

281 1643 450 1683 aliorum
479 1642 617 1680 vivunt
647 1645 687 1680 et
715 1652 813 1679 vere
843 1651 1013 1691 rapaces
1046 1644 1147 1679 sunt.
1210 1638 1381 1679 Cimc‘ces
1413 1651 1553 1680 omnes
1587 1639 1890 1693 Sanguisugae,
1925 1651 2001 1679 nec
2035 1638 2117 1678 Cor

281 1713 481 1762 ticicolae,
513 1713 752 1765 praesertim
780 1711 1008 1761 Aradides,
1049 1725 1101 1752 ex
1131 1712 1206 1751 hac
1236 1712 1441 1763 palaestra
1471 1712 1727 1766 seJungendi.
1786 1710 2017 1768 Tingitides
2047 1724 2137 1751 ma-

282 1787 386 1826 xima
419 1799 471 1825 ex
499 1790 612 1837 parte
643 1790 807 1825 nectare
839 1784 1252 1837 cynarocephalarum
1282 1785 1527 1836 plantarum,
1558 1786 1797 1825 nutriuntur.

390 1864 427 1907 §.
451 1859 515 1900 17.
555 1859 645 1899 Vita
675 1863 715 1898 et
744 1858 1082 1910 metamorphosis
1104 1857 1465 1909 Heteropterorum
1497 1871 1518 1898 a
1548 1858 1718 1911 reliquis
1740 1858 1981 1909 Hemipteris
2004 1870 2137 1911 gene-

281 1933 416 1981 ratim,
447 1931 552 1971 haud
584 1931 707 1971 multo
738 1931 936 1971 recedere
966 1931 1148 1981 videtur,
1181 1943 1302 1983 quum
1331 1943 1460 1982 pauca
1492 1930 1542 1970 de
1573 1930 1653 1970 illis
1684 1931 1848 1971 scimus.
1903 1930 2138 1983 Explicatur

282 2005 438 2045 scilicet
468 2004 516 2044 ab
549 2016 625 2043 ovo
657 2004 768 2044 larva
798 2003 1030 2055 hexapoda,
1061 2004 1227 2057 imagini
1262 2004 1516 2056 aliquatenus
1548 2003 1689 2043 similis
1721 2008 1759 2043 at
1781 2008 1938 2055 aptera‚
1968 2016 2137 2044 numero

282 2078 541 2118 articulorum
586 2078 626 2117 in
665 2078 847 2117 antennis
887 2089 991 2129 quae
1030 2076 1153 2130 vulgo
1196 2078 1423 2116 crassiores
1464 2081 1555 2116 sunt
1585 2075 1745 2116 defectu
1775 2076 1998 2116 ocellorum
2028 2081 2068 2116 et
2098 2077 2137 2116 in

281 2152 400 2191 tarsis
433 2163 575 2202 saepe,
607 2150 780 2190 diversa.
839 2150 1097 2202 Hemielytris
1130 2150 1288 2202 alisque
1320 2149 1530 2200 explicatis
1561 2148 1697 2202 Imago
1730 2161 1761 2189 s.
1793 2150 1989 2190 insectum
2021 2162 2137 2189 com—

282 2224 429 2276 pletum
467 2224 605 2262 oritur.
664 2223 768 2262 Ante
802 2222 880 2262 hoc
910 2227 1067 2274 tempus
1104 2223 1144 2262 in
1176 2227 1279 2263 statu
1308 2223 1444 2262 larvae
1474 2222 1595 2261 vitam
1626 2221 1757 2276 degit,
1797 2223 1873 2262 nisi
1905 2236 1926 2262 a
1957 2228 2136 2274 tempore

283 2295 442 2350 quando
474 2296 602 2348 elytra
632 2295 803 2348 alaeque
835 2295 1071 2348 complicata
1109 2300 1149 2335 et
1179 2297 1219 2335 in
1256 2296 1403 2350 vagina
1434 2294 1670 2335 abscondita
1699 2296 1739 2334 in
1769 2301 2029 2348 conspectum
2058 2309 2135 2335 ve-

283 2371 415 2419 niunt,
449 2373 590 2409 statum
621 2368 826 2421 Nymphae
859 2381 890 2408 s.
922 2381 1053 2421 pupae
1085 2369 1222 2408 dicere
1253 2369 1395 2409 velles.
1445 2368 1555 2408 Haec
1586 2368 1740 2408 insecta
1770 2381 1844 2421 pro
1874 2382 1986 2409 more
2018 2369 2136 2409 solito

283 2444 438 2484 tunicas
468 2447 531 2481 ter
562 2446 755 2494 quaterve
787 2441 991 2494 deponere
1021 2441 1240 2481 verisimile
1272 2446 1357 2492 est,
1389 2446 1428 2481 at
1456 2453 1550 2481 raro
1582 2441 1661 2481 nisi
1690 2441 1731 2480 in
1757 2442 1904 2481 Cimice
1923 2440 2135 2481 lectulario

283 2518 539 2557 observatum
569 2514 669 2565 (Cfr.
689 2514 836 2567 Amyot
853 2514 941 2554 Ent.
959 2514 1023 2553 Tr.
1042 2512 1123 2555 253
1141 2519 1181 2554 et
1197 2517 1320 2567 sqq).

392 2595 429 2638 §.
454 2587 537 2640 18„
558 2587 682 2628 Instat
711 2592 868 2640 tempus
900 2587 1168 2640 copulationis
1201 2588 1363 2640 saepius
1394 2593 1434 2627 et
1461 2587 1623 2640 quidem
1647 2587 1883 2639 saepissime
1906 2599 1985 2626 non
2010 2588 2135 2639 prius,

286 2674 403 2713 quam
440 2663 637 2701 insectum
678 2660 858 2712 perfecte
897 2665 959 2700 est
1000 2660 1259 2700 declaratum.
1334 2660 1377 2700 In
1415 2660 1694 2712 Heteropteris
1738 2663 1869 2699 autem
1912 2659 2031 2712 hujus
2074 2663 2134 2700 rei

286 2734 423 2786 plures
461 2734 629 2774 forsitan
667 2733 810 2774 dantur
848 2734 1113 2787 exceptiones
1156 2745 1275 2785 quam
1320 2733 1361 2773 in
1399 2733 1488 2773 aliis
1525 2735 1772 2773 insectorum
1808 2731 1969 2773 familiis
2005 2733 2133 2773 alatis.

286 2806 485 2854 Quasdam
519 2808 677 2859 species
709 2812 868 2847 nostras
901 2818 1062 2858 semper
1092 2810 1251 2858 apteras
1282 2818 1522 2858 permanere
1546 2819 1668 2859 supra
1690 2805 1952 2845 indicavimus
1974 2808 2030 2855 (§.
2051 2804 2133 2856 10).

287 2879 329 2919 ln
369 2878 457 2919 aliis
502 2891 625 2918 sexus
664 2880 858 2920 alteruter
894 2879 1022 2919 alatus
1054 2892 1117 2918 ex.
1149 2891 1209 2932 gr.
1242 2891 1327 2918 mas
1356 2877 1508 2918 Haltici
1535 2876 1734 2918 mutabilis
1765 2882 1804 2917 et
1832 2877 1988 2918 Halticc'
2005 2878 2133 2933 palli-

287 2952 418 2990 cornis
451 2951 518 3003 qui
549 2952 587 2991 in
618 2953 761 3004 copula
793 2965 882 2993 cum
913 2952 1087 2991 foemina
1118 2955 1256 3003 aptera
1287 2952 1501 3003 reperitur.
1547 2951 1590 2990 In
1621 2950 1709 2991 aliis
1731 2950 1970 2990 observatur
1991 2952 2135 3004 copula

289 3028 376 3063 ante
408 3024 715 3076 explicationem
739 3025 1070 3077 hemielytrorum
1100 3037 1163 3064 ex.
1196 3037 1229 3063 c.
1260 3024 1299 3063 in
1323 3022 1617 3064 Chorosomate
1636 3022 1865 3076 mirq'formi,
1898 3024 1937 3063 in
1962 3023 2131 3080 Hydro-

288 3097 420 3135 metris
457 3100 497 3135 et
529 3095 667 3142 Veliis,
713 3110 815 3149 quae
863 3101 952 3137 ante
998 3097 1306 3150 explicationem
1345 3096 1673 3150 hemielytrorum
1710 3095 1852 3137 eadem
1892 3097 2046 3138 ratione
2086 3109 2133 3137 ac

290 3167 466 3217 perfecte
499 3168 647 3217 alatae,
678 3170 860 3222 copulam
893 3170 1117 3210 absolvunt.
