2259 3552
612 1234 936 1292 Clarissimo
980 1236 1217 1292 Comes!

259 1586 441 1681 Quae
493 1626 522 1659 6
563 1605 816 1660 Naturae
866 1602 1282 1659 reconditioris
1330 1599 1710 1678 ejusdemque
1759 1604 2008 1679 exquisi-

145 1737 308 1790 tioris
350 1755 507 1813 penu
536 1738 595 1789 in
638 1755 764 1790 rem
802 1732 1183 1812 popularium
1214 1753 1490 1788 meorum
1514 1732 1881 1809 Tuamque
1922 1736 2008 1787 in-

145 1868 377 1944 primis„
420 1869 520 1945 qui
549 1887 618 1922 eo
648 1887 864 1944 genere
891 1863 1228 1921 studiorum
1261 1866 1515 1920 maxime
1547 1864 1819 1918 omnium
1852 1863 2009 1942 apud

148 2010 434 2054 nostrates
464 1996 669 2068 eluceS‚
695 1996 1159 2076 depromseram,
1184 2017 1249 2052 ea
1269 1993 1425 2052 Tibi
1455 1995 1746 2072 Tuoque
1776 1997 2008 2050 nomini

147 2149 305 2184 sacra
333 2149 449 2184 6556
467 2127 669 2204 jubeo.
731 2128 864 2198 Qua
892 2130 951 2182 in
984 2149 1046 2184 re
1074 2125 1221 2183 nihil
1254 2147 1388 2181 sane
1415 2123 1574 2181 aliud
1602 2145 1798 2203 agam,
1830 2146 2008 2204 quam

147 2271 212 2313 ut,
241 2257 422 2314 modo
455 2271 683 2336 partem
715 2261 1023 2314 minimam
1053 2278 1263 2314 eorum
1301 2254 1609 2313 exhibeam
1642 2277 1854 2335 meque
1889 2260 2010 2312 eni-

147 2409 275 2445 sum
317 2388 626 2468 profitear„
670 2411 816 2469 quae
856 2394 915 2445 in
945 2390 1039 2445 Te
1081 2393 1366 2458 maxima,
1409 2390 1781 2444 ornatissima
1803 2407 2008 2443 cumu-

147 2519 537 2599 latissimaque
564 2519 884 2592 habentur3
927 2541 1063 2576 nam
1093 2520 1380 2599 siquidem
1410 2517 1649 2575 Neocles
1679 2520 1739 2572 in
1768 2530 2007 2574 uterum

150 2655 351 2708 matris
390 2652 627 2730 Epicuri
667 2655 979 2730 sapientiae
1019 2665 1250 2709 atomos
1289 2655 1595 2708 universos
1643 2652 2008 2704 concurrisse

148 2780 359 2860 ajebat‚
400 2804 465 2839 ea
504 2785 732 2839 ratione
773 2804 978 2840 omnes
1021 2786 1275 2840 rariores
1321 2783 1541 2860 ingenii
1583 2778 2008 2857 doctrinaeque

150 2912 313 2970 dotes
335 2917 393 2969 in
415 2914 506 2969 Te
532 2934 656 2970 uno
680 2918 1045 2971 concurrisse
1073 2913 1322 2992 sedeque
1350 2914 1575 2989 optima
1602 2913 1687 2965 uti
1711 2908 2005 2965 videntur.

262 3046 461 3123 Neque
501 3047 545 3100 is
574 3065 729 3115 sum,
772 3049 872 3123 qui
904 3045 1047 3101 mihi
1081 3041 1302 3122 aliquid
1343 3046 1402 3097 in
1432 3062 1496 3097 ea
1538 3062 1626 3107 re7
1670 3040 1742 3097 de
1771 3061 1885 3118 qua
1912 3039 2008 3096 hic

152 3177 370 3252 agitur,
411 3173 700 3244 tribuam,
752 3175 841 3231 vel
884 3175 1040 3231 illam
1080 3171 1301 3252 aliquid
1340 3176 1560 3252 gratiae
1601 3174 2008 3249 amicitiaeque
