2259 3506
1016 183 1424 235 -150—

404 320 563 360 Habitat
592 320 631 359 in
666 320 791 371 sylvis
824 318 945 357 siccis
976 318 1203 371 Volhyniae
1234 320 1340 358 inter
1362 318 1575 359 Genislam
1596 323 1636 358 et
1657 319 1891 374 &muitum
1922 321 2030 360 circa
2052 322 2159 361 Var-

293 393 444 432 saviam
475 391 696 442 (Peithes).
757 389 935 429 Odorem
966 394 1125 443 gratum
1157 391 1294 442 spirat.

403 464 559 514 Corpus
601 462 795 512 pilosum,
843 461 1074 513 nigricans,
1119 462 1183 501 vel
1223 462 1399 501 obscure
1439 462 1971 514 purpurascenti-fuscum.
2033 463 2160 515 Caput

293 537 423 574 antice
463 533 751 582 subtrilobum,
799 532 931 584 clypei
975 534 1109 573 medio
1155 535 1260 574 inter
1305 539 1500 573 antennas
1538 534 1607 573 vix
1642 539 1848 585 porrecto.
1906 534 1951 574 In
1987 540 2159 586 pronoto

292 608 424 646 antico
463 610 553 645 ante
594 606 756 655 occiput
796 604 952 644 macula
991 605 1168 645 obscura
1208 606 1406 658 oblonga,
1453 606 1583 658 nigra.
1651 605 1808 658 Corpus
1851 619 1973 658 supra
2011 608 2159 659 nigro-

290 683 533 731 punctatum.
593 677 807 716 Antennae
845 681 953 716 totae
993 678 1262 727 concolores,
1303 678 1454 717 coloris
1497 678 1695 729 corporis.
1754 677 1797 716 In
1829 678 1998 718 articulo
2028 679 2158 729 primo

292 752 456 790 circiter
487 752 641 800 septem
673 749 838 798 dentes,
868 747 1076 788 secundus
1109 749 1270 802 singulo
1302 749 1575 801 reliquorum,
1605 749 1780 804 longior.
1831 750 1975 790 Latera
1996 751 2156 801 pronoti

292 821 506 862 denticulis
538 821 715 859 reversis
747 825 910 860 armata.
971 820 1090 872 Apex
1121 821 1281 861 scutelli
1313 833 1406 860 eum
1437 819 1543 859 callo
1575 820 1666 860 albo
1699 822 1864 861 minuto.
1914 821 2055 874 Margo
2085 820 2156 860 ‹zb-

291 893 464 933 dominis
502 892 618 931 fusco
661 897 701 931 et
729 891 894 946 pallide
906 890 1031 944 flavo
1071 893 1320 945 variegatus.
1393 891 1530 931 Tibiae
1576 904 1718 933 omnes
1762 893 1954 945 pallidae,
1999 894 2157 933 annulis

291 966 450 1005 duobus
482 966 521 1004 in
553 969 737 1003 extremo
768 965 882 1015 apice
915 969 954 1003 et
985 976 1065 1004 uno
1098 966 1137 1003 in
1168 965 1322 1014 medio,
1354 964 1496 1016 nigris·
1546 964 1715 1004 Femora
1746 964 1983 1004 intermedia
2015 965 2157 1004 subtus

290 1048 437 1077 versus
469 1037 624 1088 apicem
657 1034 818 1075 duobus
850 1035 1036 1075 dentibus
1067 1041 1238 1087 armata,
1277 1037 1505 1088 posteriora
1538 1036 1691 1075 clavata
1723 1049 1812 1076 cum
1840 1037 1865 1078 4
1895 1050 1932 1076 v.
1963 1037 1987 1076 5
2020 1037 2155 1077 denti—

290 1110 393 1149 culis
425 1107 648 1148 minoribus
681 1112 721 1147 et
751 1122 831 1146 uno
863 1108 1037 1162 majore,
1071 1107 1254 1163 obliquo,
1287 1120 1539 1160 compresso·
1564 1132 1615 1136 -—
1646 1108 1788 1161 Margo
1821 1110 2027 1161 posterior
2054 1121 2155 1160 pro—

288 1182 372 1223 uoti
403 1182 442 1220 in
472 1180 548 1219 hae
571 1180 709 1231 specie
733 1192 864 1231 aeque
888 1192 934 1219 ac
957 1181 996 1219 in
1021 1181 1110 1219 Cor.
1132 1179 1377 1219 (lenticulam
1401 1180 1519 1232 Seop.
1544 1180 1714 1231 spinulis
1737 1181 2008 1232 dentibusque
2032 1186 2155 1221 caret.

331 1269 437 1302 Nota
463 1267 514 1301 1⁰.
557 1266 811 1299 Perthesianum
843 1268 1009 1300 insectum
1044 1267 1098 1300 hic
1131 1269 1301 1311 pertinere
1333 1279 1397 1300 nec
1435 1269 1478 1300 ad
1513 1267 1656 1300 (loreum
1680 1269 1929 1301 (lentie-alatum
1954 1268 2069 1300 Wolfii
2101 1267 2155 1310 (C.

485 1327 587 1359 Wotfl
613 1327 809 1368 nostrum),
845 1328 1037 1361 luculenter
1068 1329 1192 1372 probat
1217 1329 1290 1370 ejus
1316 1330 1499 1371 descriptio
1526 1330 1566 1361 ad
1593 1341 1739 1373 unguem
1767 1330 1897 1373 figurae
1923 1329 2043 1362 Halmii
2067 1340 2155 1372 qua-

485 1391 599 1422 drans.
648 1389 683 1421 ln
711 1388 815 1421 Coreo
844 1389 943 1431 IVolfi
966 1395 1101 1432 praeter
1134 1390 1234 1423 alium
1261 1391 1413 1423 colorem
1446 1392 1567 1423 insecti
1601 1390 1665 1423 alia
1698 1396 1749 1423 est
1781 1392 1911 1434 pictura
1935 1392 1968 1423 in
1993 1396 2155 1434 pronoto,

485 1451 615 1483 seniora
647 1456 725 1482 sunt
755 1451 1018 1493 nigro-fasciata
1051 1457 1084 1484 et
1108 1452 1211 1484 tibiae
1242 1452 1455 1487 concolores.
1482 1470 1521 1475 —
1550 1452 1694 1484 Femora
1716 1453 1922 1485 intermedia
1947 1458 2074 1485 armata
2099 1454 2153 1484 in-

484 1513 613 1555 signem
644 1517 676 1543 et
701 1512 964 1544 diversissimam
990 1513 1031 1544 ab
1054 1512 1125 1545 aliis
1151 1514 1238 1546 hanc
1264 1516 1411 1556 speciem
1439 1514 1599 1552 reddunt,
1625 1525 1713 1557 quae
1737 1514 1851 1546 forsan
1877 1514 1933 1546 uni
1958 1524 2040 1546 sexu
2068 1524 2153 1556 pro-

482 1574 575 1616 pria,
604 1573 761 1616 adeoque
788 1584 827 1606 ex
852 1585 920 1606 uno
947 1575 1133 1617 specimine
1157 1586 1175 1607 a
1201 1576 1377 1608 Perthesio
1403 1576 1621 1618 praetervisa.

371 1635 425 1670 2⁰.
474 1639 600 1670 Cereus
622 1634 868 1677 qrttcilicornis
896 1635 1151 1669 HernSchaess’.
1177 1636 1233 1679 (in
1261 1637 1360 1669 Panz.
1385 1637 1492 1669 Faun.
1515 1648 1619 1680 gerni.
1646 1641 1735 1668 cont.
1756 1634 1830 1669 135.
1848 1635 1880 1668 5.
1896 1634 1946 1677 ῼ,
1979 1640 2012 1668 et
2035 1636 2152 1668 Wanz.

481 1696 533 1728 Vl.
558 1694 611 1727 59.
638 1695 718 1727 Tab.
734 1695 875 1728 CXCIX.
902 1695 1039 1739 fig.6·20
1058 1693 1118 1738 ρξ’,
1150 1698 1421 1742 Pseucloplelaeus
1443 1699 1692 1740 9racilicornis
1724 1698 1767 1730 id.
1792 1697 1911 1729 Wanz.
1937 1697 1994 1730 VI.
2016 1696 2048 1729 5.
2072 1697 2153 1730 Tab.

483 1756 668 1789 CLXXXII.
689 1756 760 1799 Fig.
776 1756 803 1788 E
822 1756 1023 1800 (antenna),
1050 1759 1230 1791 Cacosmus
1257 1765 1289 1791 et
1316 1759 1487 1791 Clmlacus
1506 1760 1602 1801 Amy.
1622 1760 1695 1791 Ent.
1715 1758 1835 1801 Franc.
1855 1757 1929 1791 115.
1948 1757 1991 1791 99
2010 1764 2043 1791 et
2061 1757 2156 1801 100),

484 1818 715 1860 magnitudine
742 1818 817 1850 Cor.
840 1819 1064 1861 (lenticulam,
1090 1822 1245 1852 antennis
1271 1820 1471 1863 graicililiu5‚
1497 1832 1514 1852 a
1542 1821 1578 1852 C.
1604 1821 1815 1852 (lenticulam
1839 1820 1891 1852 Sc.
1917 1830 1987 1852 non
2014 1819 2151 1853 multum

483 1878 545 1915 diff
546 1884 605 1911 ert.

423 2002 578 2043 Samo
609 2001 865 2041 PosTssmon.
926 2001 1255 2043 RHOPALIDES
1287 2003 1436 2056 Amyot
1457 2009 1496 2043 et
1518 2004 1622 2043 Aud.
1647 2004 1761 2044 Serv.
1785 2003 1898 2043 Hem.
1920 2001 2016 2045 243.

286 2101 409 2143 Char.
440 2107 535 2142 secl.
594 2101 803 2141 Articulus
835 2103 991 2153 primus
1023 2108 1309 2153 antennarum,
1342 2104 1471 2154 capite
1503 2104 1694 2154 brevior,
1726 2105 1990 2144 incrassatuS.

285 2270 409 2316 Gen.
440 2268 616 2315 XXII.
686 2268 1312 2319 PSEUDOPHLOEUS
1344 2276 1480 2315 Burni.
1509 2275 1664 2316 Handb.
1696 2277 1733 2316 d.
1763 2276 1852 2316 Eut.
1884 2277 1930 2318 ΙΙ.
1960 2277 2053 2320 308.
2084 2278 2122 2319 lt·

833 2350 1080 2392 Arenoeoris
1111 2354 1236 2393 Halm.
1259 2353 1400 2393 WanZ.
1423 2353 1469 2393 Il.
1494 2352 1587 2395 109.

288 2455 410 2495 Char.
442 2460 518 2495 art.
576 2455 705 2507 Caput
744 2455 950 2495 dilatatum
984 2458 1401 2511 subquadrangulare.
1461 2460 1738 2500 Antennarum
1770 2460 1964 2500 articulus
1997 2461 2147 2511 primus

483 2527 644 2577 brevis,
683 2528 824 2567 tertius
863 2529 1045 2567 secundo
1078 2529 1198 2580 duplo
1228 2543 1265 2569 v.
1304 2531 1422 2582 triplo
1456 2531 1630 2583 longior.
1691 2533 1908 2572 Pronotum
1941 2532 2150 2571 subdevc-

483 2611 578 2647 xuni
609 2600 892 2652 marginatum.
951 2600 1294 2652 Hemielytrorum
1326 2603 1582 2642 membranae
1614 2605 1729 2643 nervi
1761 2603 1986 2643 cancellati.
2041 2604 2148 2642 Cor-,-

483 2682 558 2722 pus
605 2671 845 2722 saepissime
888 2684 1076 2723 parvum,
1125 2673 1405 2725 granulatum,
1458 2686 1600 2726 sparse
1644 2675 1884 2727 pilosulum‚
1934 2675 2148 2714 abdomine

484 2742 641 2793 postice
673 2742 831 2784 latiore.

398 2829 515 2871 Char.
547 2835 630 2869 nat.
693 2830 820 2882 Caput
849 2829 1080 2879 robustum,
1120 2832 1345 2882 dilatatum,
1384 2834 1489 2873 inter
1524 2839 1718 2874 antennas
1750 2835 1790 2873 in
1822 2835 1993 2873 frontem
2024 2834 2147 2873 obtu—

286 2913 373 2941 sum
403 2906 657 2952 porrectum,
694 2906 860 2953 propter
897 2902 1109 2943 tubercula
1147 2904 1373 2943 antennalia
1412 2905 1535 2958 longe
1574 2906 1705 2945 antiee
1736 2910 1927 2961 extensa,
1967 2903 2147 2958 subqua-

287 2971 550 3028 drangulare.
612 2972 728 3012 Oculi
764 2975 897 3026 parvi,
937 2975 1120 3027 globosi,
1158 2976 1387 3027 prominuli.
1449 2977 1579 3016 Oeelli
1618 2977 1697 3015 duo
1738 2961 1870 3029 magni
1910 2977 2041 3015 oculis
2072 2989 2148 3027 ap-

286 3045 512 3093 proximati.
581 3043 793 3084 Antennae
831 3046 1084 3099 longitudine
1125 3047 1277 3086 dimidii
1318 3049 1504 3098 corporis
1548 3049 1587 3086 in
1633 3048 1723 3086 sinu
1769 3048 1969 3087 tuberculi
2016 3048 2148 3099 clypei

288 3113 467 3154 lateralis
500 3115 614 3166 apice
653 3115 693 3154 in
732 3116 889 3156 dentem
931 3118 1096 3165 elevati,
1138 3119 1337 3166 insertae7
1377 3118 1696 3158 4-articulatac.
1756 3119 1964 3159 Articulus
1989 3119 2148 3172 primns
