2259 3506
816 196 1224 247 -127—

87 335 231 374 leviter
268 335 542 387 emarginatos
584 346 615 373 s.
648 333 910 374 obtusissime
951 334 1179 373 bidentatos
1219 332 1437 380 abeuntesj.
1486 333 1779 384 impressiones
1817 340 1955 376 trans-

88 407 273 446 versales
305 408 361 447 uti
395 408 434 445 in
465 405 507 445 S.
539 408 792 460 marginato,
834 406 906 445 sed
939 406 1141 457 ellipticae
1174 409 1214 443 et
1244 405 1375 444 minus
1406 404 1647 455 profundae.
1707 407 1953 459 Hcmielytra

87 479 280 518 auriculis
319 479 480 530 pronoti
518 479 766 531 angustiora.
843 477 1064 518 Scutelluni
1105 476 1375 529 triangulare,
1420 477 1618 526 isoscele,
1667 490 1755 517 cum
1797 480 1955 531 apiculo

87 551 255 590 calloso.
316 550 530 590 Abdomen
560 550 813 601 hemielytris
853 549 1015 601 longius
1056 553 1096 587 et
1136 549 1277 597 latius,
1317 549 1567 601 marginibus
1600 550 1789 601 elevatis,
1834 564 1955 603 supra

61 623 255 663 maculis
287 622 586 675 irregularibus
626 621 740 660 ssavis
772 621 932 659 notatis.
993 620 1109 659 Anus
1142 620 1246 672 apud
1279 632 1444 659 mares
1484 626 1715 671 truncatus,
1756 625 1956 676 segmenti

87 696 191 734 sexti
221 695 422 734 -ventralis
455 693 721 734 excavatione
752 692 912 730 valvula
949 692 1106 743 integra
1140 691 1303 740 clausa,
1344 692 1447 743 apud
1489 692 1734 735 foeminas
1767 695 1954 735 distincte

86 766 641 819 lobatim-quadridentatus,
681 764 946 803 excavatione
981 764 1181 816 segmenti
1214 764 1315 802 sexti
1353 765 1567 814 venti-alis,
1607 766 1764 806 inferne
1797 767 1954 807 valvula

84 839 324 891 triangulari
364 837 461 877 fissa
500 837 644 876 velata.
707 836 849 875 Omnia
889 840 1100 888 segmenta
1140 836 1337 875 ventralia
1377 836 1426 874 ad
1467 839 1670 890 margines
1702 840 1954 889 posteriores

88 912 237 950 minute
271 910 449 950 seriatim
482 909 598 949 fusco
632 909 850 955 maculata;
882 908 1179 958 spiraculorum
1213 908 1358 947 ostiola
1391 908 1620 948 circularia.
1666 910 1794 950 Pedes
1817 912 1955 950 tenui-

89 994 186 1022 ores
219 994 336 1034 quam
369 983 408 1021 in
439 980 535 1037 Syr.
568 982 823 1036 marg-inam,
872 980 1141 1020 flavescentes
1174 980 1525 1020 fusco—maculati.
1577 981 1746 1021 Femora
1777 995 1857 1022 non
1887 985 1954 1022 in-

86 1059 290 1103 crassata,
335 1054 440 1094 haud
479 1053 744 1093 tuberculata.
816 1052 954 1091 Tibiae
993 1064 1134 1091 onmes
1174 1057 1312 1091 rectae
1351 1052 1524 1103 pallidae
1568 1052 1953 1094 fusco-maculatae.

86 1127 305 1167 Tarsorum
337 1125 533 1165 articulus
564 1126 718 1176 primus
750 1124 922 1176 reliquis
954 1124 1148 1164 crassior.
1167 1149 1219 1152 —
1241 1125 1518 1164 Antennaruni
1551 1129 1752 1165 structura
1776 1127 1815 1165 in
1836 1131 1954 1166 utro—

87 1212 166 1251 que
199 1211 302 1239 sexu
333 1198 497 1247 eadem,
529 1198 599 1248 qui
630 1198 761 1236 statim
792 1208 869 1236 ano
902 1196 1175 1250 distinguitur.

130 1304 250 1338 Nota.
290 1303 479 1345 Specimina
504 1302 603 1344 hujus
628 1302 758 1344 majora
785 1313 803 1334 e
821 1300 1009 1340 Lusitania,
1034 1303 1066 1334 in
1094 1301 1211 1334 Museo
1238 1301 1446 1334 berolinensi
1473 1301 1534 1335 sub
1561 1303 1700 1334 nomine
1725 1302 1852 1335 Cor-eus
1875 1314 1955 1335 eor-

282 1370 386 1397 metus
412 1369 638 1397 asservantur.

84 1483 150 1530 75.
200 1486 347 1541 Syr.
378 1486 653 1540 Spiniyer
683 1485 861 1536 (Fabr.);
912 1486 1076 1539 glaber,
1115 1498 1237 1539 supra
1277 1488 1464 1540 griseus:
1521 1487 1737 1527 abdomine
1773 1488 1957 1540 margine

199 1559 348 1614 pallide
382 1558 603 1606 maculat03
645 1563 818 1610 pronoto
851 1559 995 1599 obtuse
1028 1560 1253 1599 auriculato
1286 1560 1552 1612 dentatoque3
1592 1565 1854 1599 antennarum
1885 1563 1954 1598 tu-

196 1631 378 1672 berculis
409 1632 601 1683 utrinque
633 1631 673 1670 in
705 1632 858 1683 spinam
891 1630 1081 1679 elevatis,
1113 1631 1206 1671 hinc
1239 1633 1370 1685 capite
1404 1632 1718 1684 quadrispinoso
1733 1631 1771 1670 ἦε.
1827 1632 1953 1683 Long.

197 1705 222 1745 5
253 1704 323 1744 lin.

177 1793 296 1825 Cimeoe
320 1793 473 1835 spiniqer
498 1790 595 1823 Fabr.
617 1790 717 1823 Mant.
739 1792 803 1823 ins.
826 1789 903 1824 287.
923 1788 977 1824 83.
1014 1790 1112 1824 Rossi
1133 1791 1236 1824 Faun.
1257 1797 1317 1824 etr.
1338 1791 1390 1824 ed.
1409 1791 1500 1835 Jllig.
1523 1790 1656 1825 1L369.
1677 1790 1773 1825 1302.

176 1855 295 1886 Ctmear
318 1854 469 1897 spinifer
493 1852 615 1885 Villers
632 1853 708 1885 Ent.
728 1852 820 1884 Linn.
837 1850 914 1885 492.
933 1850 987 1885 43.

177 1917 302 1948 Cereus
327 1915 481 1957 spiniyer
506 1913 604 1947 Fabr.
622 1914 698 1947 Ent.
718 1914 804 1956 Syst.
824 1914 877 1946 lv.
896 1912 972 1947 350.
992 1913 1044 1946 71.
1071 1914 1187 1955 Ejusd.
1207 1913 1325 1957 Suppl.
1345 1913 1419 1949 127.
1439 1913 1471 1947 3.
1497 1912 1614 1955 Ejusd.
1631 1913 1715 1955 Syst.
1736 1912 1955 1957 Rhyng.194.

220 1976 273 2010 10.
313 1977 407 2008 Herr.
423 1975 568 2008 Schaeff.
586 1977 620 2007 in
638 1975 741 2007 Panz.
761 1974 858 2007 Cont.
876 1974 981 2007 Faun.
1000 1985 1070 2018 ger.
1093 1974 1168 2007 127,
1185 1974 1216 2006 5.
1235 1972 1274 2018 0⁷*
1293 1976 1431 2019 (bona).
1472 1975 1557 2008 Boit.
1576 1975 1665 2011 Man,
1686 1980 1752 2007 ent.
1769 1973 1821 2007 57.

175 2039 347 2082 Enoplops
372 2037 527 2080 spiniyer
551 2036 649 2078 Amy.
668 2042 700 2068 et
717 2035 803 2068 Aud.
822 2036 917 2069 Serv.
937 2036 1031 2068 Hem.
1048 2034 1116 2069 208
1139 2037 1179 2069 in
1198 2042 1309 2070 nota.

176 2101 444 2132 Plarissocranus
469 2097 566 2139 Amy.
584 2097 659 2130 Ent.
680 2096 800 2141 Franc.
818 2095 872 2130 99.
889 2095 942 2130 80.

198 2177 356 2217 Habitat
390 2177 431 2215 in
462 2175 629 2214 Podolia
660 2175 840 2215 australi.

200 2259 468 2300 Praecedenti
499 2257 632 2297 affinis
664 2258 737 2297 sed
770 2258 923 2307 minor,
954 2263 994 2297 et
1023 2258 1182 2298 abunde
1214 2258 1441 2298 distinctus

197 2344 354 2395 Corpus
386 2340 680 2381 ssavo-fuscum
714 2352 745 2379 s.
777 2339 1006 2380 flavescens
1038 2345 1105 2380 aut
1134 2346 1358 2382 testaceum
1390 2341 1768 2382 fusco-irroratum.
1830 2344 1956 2396 Caput

88 2417 292 2470 griseum,
323 2414 454 2453 antice
485 2425 590 2465 pone
621 2412 835 2452 tubercula
865 2412 1095 2452 antennalia
1125 2414 1338 2465 utrinque,
1370 2418 1488 2453 extus
1521 2414 1634 2466 spina
1655 2416 1817 2467 majori,
1848 2417 1953 2457 intus

89 2490 201 2540 spina
241 2486 385 2526 minori
427 2497 501 2525 seu
542 2485 668 2536 spinis
708 2490 882 2538 quatuor
912 2485 1085 2533 erectis,
1125 2486 1274 2536 acutis,
1317 2491 1523 2525 armatum.
1583 2486 1794 2526 Antennae
1825 2489 1954 2540 magis

89 2565 181 2601 sunt
211 2559 425 2612 elongatae
459 2570 577 2609 quam
607 2558 647 2596 in
678 2557 835 2598 duabus
866 2557 1207 2609 praecedentibus
1240 2558 1410 2598 articulo
1442 2559 1571 2609 primo
1602 2560 1833 2609 prismatico
1853 2572 1955 2598 ver-

90 2644 159 2672 sus
194 2632 348 2683 apicem
380 2631 420 2669 in
450 2642 616 2681 parvum
657 2629 817 2669 dentem
848 2630 1031 2678 elevato,
1068 2629 1208 2668 ultimo
1246 2630 1385 2682 nigro,
1424 2631 1676 2669 intermediis
1708 2643 1739 2670 s.
1772 2631 1955 2671 secundo

89 2709 129 2743 et
157 2704 277 2743 tertio
310 2703 444 2742 fulvis.
495 2702 714 2741 Pronotum
746 2701 1098 2754 griseo-fuscum,
1130 2701 1338 2749 scabrum3
1371 2714 1511 2754 margo
1543 2703 1722 2741 anterior
1752 2715 1842 2742 cum
1873 2703 1953 2742 ali-

91 2781 189 2828 quot
220 2775 415 2827 spinulis,
447 2785 589 2827 margo
620 2773 827 2825 posterior
857 2773 935 2812 late
969 2778 1007 2812 et
1037 2773 1238 2825 profunde
1261 2774 1447 2822 excisus,
1479 2775 1669 2824 utrinque
1694 2774 1813 2814 dente
1836 2780 1953 2814 acuto

91 2860 213 2899 supra
248 2847 364 2886 basin
403 2846 564 2886 scutelli
601 2846 854 2896 prominente
892 2846 1137 2894 instructus,
1177 2849 1389 2896 praeterea
1422 2857 1563 2898 margo
1595 2846 1773 2885 lateralis
1806 2846 1953 2886 hume-

90 2919 189 2959 ralis
220 2922 261 2958 in
292 2918 513 2958 auriculam
546 2918 731 2957 obtusam
764 2917 967 2967 elevatus,
1005 2918 1161 2969 postice
1200 2917 1478 2969 emarginatus
1510 2930 1542 2957 s.
1573 2919 1706 2970 potius
1738 2923 1855 2958 acute
1886 2919 1954 2958 bi-

92 2991 275 3030 dentatus
306 2995 349 3029 ut
378 2991 418 3029 in
452 2989 584 3029 Coreo
617 2988 885 3038 denticulato,
917 2989 1171 3029 observatur.
1237 2988 1457 3029 Scutellum
1489 2990 1671 3042 griseum
1703 2991 1817 3041 apice
1848 2991 1954 3030 albo.

91 3061 304 3101 Abdomen
335 3061 514 3114 griseum
543 3062 725 3114 margine
758 3060 943 3111 dilatato,
974 3061 1249 3113 prominente,
1281 3065 1398 3100 acuto
1430 3063 1661 3115 variegatog
1691 3063 1882 3114 utrinque
1914 3064 1953 3102 in

90 3132 272 3184 margine
303 3133 483 3172 maculae
515 3138 689 3184 quatuor
719 3133 834 3172 albae
866 3138 932 3173 aut
963 3132 1296 3180 albida-flavae,
1342 3133 1605 3173 intermediae
1637 3134 1741 3173 duae
1774 3136 1878 3174 inter
1907 3147 1952 3174 se
