2259 3506
820 193 1224 247 —103-

89 337 247 389 puncto
280 331 502 374 rotundato
531 334 651 388 nigro
683 333 843 373 notatis.
889 333 1010 386 Spina
1040 333 1227 374 basilaris
1257 330 1449 373 ventralis
1480 344 1502 372 e
1534 337 1744 385 segmento
1775 335 1955 374 secundo

94 407 265 446 oriunda
296 406 422 459 pedes
454 404 719 445 intermedios
751 405 920 458 attingit.
979 406 1148 445 Femora
1187 409 1227 445 et
1258 405 1378 445 tibiae
1408 404 1561 445 coloris
1593 405 1817 446 abdominis
1847 407 1955 447 nulla

95 479 249 519 macula
289 492 366 519 nec
403 482 551 530 puncto
590 482 736 518 notata.
806 478 1026 518 'l'arsorum
1067 478 1226 518 articuli
1266 478 1503 530 saepissime
1541 478 1777 534 sanguinei,
1821 481 1954 520 rarius

94 563 184 591 cum
216 551 324 591 tibiis
356 551 612 591 concolores.

204 624 339 664 Sexus
370 628 543 675 uterque
575 623 730 663 similis.
791 622 1003 662 Structura
1034 623 1099 661 ani
1130 622 1271 661 eadem
1303 635 1349 662 ac
1380 624 1419 662 in
1448 621 1567 663 Pent.
1588 625 1780 678 prasina.

154 710 463 751 Adnotationes.
525 712 588 752 1⁰.
632 710 795 749 Pronoti
824 711 1046 763 marginem
1083 711 1353 761 posteriorem
1392 712 1564 751 scutello
1593 714 1819 764 proximum
1849 728 1953 753 nun-

231 798 352 838 quam
384 785 451 833 „in
482 795 619 822 arcum
652 781 861 822 excisum⁹⁹
895 782 967 822 sed
999 795 1163 835 semper
1191 787 1347 822 rectum
1378 784 1418 822 in
1439 785 1622 825 omnibus
1646 785 1784 826 formis
1807 787 1955 827 inveni.

133 855 198 897 2⁰.
232 856 447 903 „Sternum
479 855 711 908 elongatum
744 854 1048 895 mucronatum⁹⁹
1084 856 1123 894 in
1162 855 1242 894 ulla
1285 856 1422 906 specie
1453 855 1571 908 liujus
1602 860 1769 910 generis
1799 860 1955 906 existit;

231 927 544 967 hallucinatione
584 928 780 982 singulari
816 928 882 968 vel
920 929 1036 979 lapsu
1076 928 1219 967 calami
1258 928 1371 979 spina
1416 928 1604 969 basilaris
1642 932 1835 972 ventralis
1879 943 1955 985 pro

231 1006 369 1041 sterno
401 1001 592 1055 elongato
625 1005 781 1053 sumpta
814 1000 908 1050 suit,
940 999 1050 1052 quod
1081 1004 1231 1040 tantum
1263 1001 1303 1038 in
1335 1005 1533 1052 sequente
1563 1014 1717 1054 genere
1749 1009 1894 1045 exstat.

131 1073 197 1114 30.
230 1073 390 1125 Spinam
422 1073 648 1113 ventralem
682 1087 703 1113 a
734 1074 888 1113 Halmio
928 1075 968 1112 in
1008 1073 1136 1112 forma
1165 1073 1213 1122 β,
1253 1085 1275 1112 3
1307 1072 1404 1112 6131.
1437 1071 1607 1112 Germar
1637 1075 1676 1113 in
1709 1088 1735 1112 α
1766 1082 1955 1127 praeter-

227 1146 377 1194 visam,
417 1147 782 1186 constantissimam
825 1147 864 1185 in
904 1146 1090 1185 omnibus
1129 1144 1496 1186 modificationibus
1533 1147 1654 1199 hujus
1685 1149 1839 1200 speciei
1878 1149 1955 1189 (le—

228 1217 439 1269 prehendi.

130 1289 196 1331 40.
228 1291 375 1343 Figura
407 1291 551 1330 Halmii
582 1292 728 1331 vitiose
761 1295 881 1344 caput
911 1291 1042 1331 antioc
1073 1291 1365 1344 emarginatum
1397 1296 1690 1342 repraesentat.

132 1364 198 1403 5⁰.
230 1363 443 1403 Abdomen
476 1364 618 1404 subtus
650 1362 1102 1417 7,111910--111111613111111”
1134 1376 1340 1416 nunquam
1371 1363 1473 1412 vidi3
1521 1364 1646 1404 verba
1678 1365 1779 1406 11366
1808 1366 1848 1405 111
1879 1366 1956 1406 de-

230 1437 451 1489 scriptione
483 1436 628 1477 Halmii
660 1437 708 1476 ad
741 1438 844 1476 ostia
877 1435 1172 1488 spiraculorum
1207 1426 1520 1476 abdominalium
1551 1437 1763 1491 alleganda
1795 1445 1899 1479 sunt.

91 1526 187 1566 Sub
200 1526 391 1566 divisio
423 1526 657 1566 Undecima.
718 1525 844 1577 Caput
874 1526 1005 1565 antice
1036 1525 1314 1575 rotundatum,
1345 1527 1664 1582 integerrimum.
1697 1527 1792 1567 lobo
1823 1529 1956 1582 clypei

200 1599 333 1638 medio
365 1598 557 1638 laterales
587 1595 899 1652 subsltperante.
959 1598 1236 1639 Antennarum
1267 1599 1461 1639 articulus
1493 1600 1699 1640 secundus
1731 1602 1848 1641 tertio
1878 1614 1955 1653 pa-

199 1684 288 1710 rum
319 1671 496 1711 brevior.
555 1670 707 1710 Venter
746 1671 889 1711 subtus
929 1672 1137 1710 carinatas
1177 1684 1267 1711 cum
1308 1672 1536 1711 rudimento
1577 1673 1716 1724 spinae
1748 1674 1954 1715 basilaris:

199 1744 368 1784 NE'LARA
398 1743 517 1796 Amy.
540 1748 580 1783 et
599 1743 705 1783 Aud.
729 1743 844 1784 Serv.
866 1743 979 1783 Hem.
1005 1741 1096 1785 143.
1122 1742 1214 1785 106.
1238 1768 1285 1773 -
1320 1743 1532 1785 Structura
1561 1746 1715 1785 ventris
1747 1747 1955 1801 subgenus

197 1817 274 1856 1106
304 1817 514 1856 transitum
542 1816 591 1855 ad
620 1815 1008 1856 Acanthosoma
1039 1816 1155 1866 fecit7
1186 1816 1260 1857 sed
1292 1816 1451 1858 defecta
1482 1817 1654 1858 laminae
1687 1821 1874 1861 sternalis
1905 1822 1954 1861 ab

197 1890 268 1929 illo
300 1889 446 1929 differt.

84 2011 152 2053 60.
197 2011 380 2055 Pent.
405 2009 828 2063 Smaraydula
849 2011 1026 2062 (Fabr.);
1057 2012 1220 2061 viridis,
1252 2012 1425 2052 scutello
1453 2014 1612 2064 punctis
1644 2014 1772 2055 tribus
1803 2015 1952 2057 baseos

196 2084 323 2123 ssavis.
382 2083 510 2136 Long.
542 2081 650 2124 6——7
673 2083 741 2122 lin.

141 2188 182 2213 cc.
228 2174 357 2225 capite
388 2177 428 2211 et
458 2176 630 2224 pronoto
661 2172 963 2213 unicoloribus:

176 2262 294 2295 Cimeoe
320 2261 570 2305 Smaraydulus
589 2260 687 2294 Fabr.
707 2261 782 2294 Ent.
802 2261 889 2303 Syst.
908 2261 963 2294 IV.
982 2260 1057 2295 100.
1077 2260 1152 2295 114.
1177 2261 1291 2304 Ejusd.
1311 2262 1396 2305 Syst.
1415 2263 1546 2308 Rhyng.
1566 2263 1641 2298 167.
1660 2263 1712 2298 61.
1740 2265 1840 2298 Wolf.
1858 2266 1950 2299 Icon.

219 2323 301 2356 Cim.
319 2322 374 2357 56.
388 2321 442 2357 33.
460 2323 541 2358 Tab.
557 2323 612 2356 IX.
631 2323 686 2367 fig.
701 2321 754 2357 53.

175 2386 294 2418 Cimeoe
316 2385 500 2418 variabilis
525 2385 602 2418 Vill.
621 2386 696 2418 Ent.
716 2384 810 2418 Linn.
828 2383 905 2418 505.
924 2383 978 2418 82.

175 2449 374 2481 Pentatoma
399 2447 631 2491 Smarayclula
655 2447 748 2480 Leon
764 2448 840 2480 Duf.
867 2447 970 2480 Rech.
990 2447 1083 2480 Hem.
1100 2446 1154 2480 29.
1173 2447 1205 2482 4.

174 2511 374 2543 Pentatoma.
398 2510 664 2553 Smaraqdulum
689 2510 785 2544 Herr.
800 2510 946 2544 Schaess'.
970 2511 1004 2543 in
1020 2509 1120 2543 Panz.
1140 2508 1238 2543 Cont.
1262 2509 1364 2543 Faun.
1382 2521 1488 2555 germ.
1508 2509 1580 2545 115.
1601 2511 1629 2544 7.
1643 2511 1684 2554 ῼ.

138 2590 178 2640 β.
225 2591 355 2642 capite
386 2594 425 2628 et
454 2593 625 2641 pronoto
657 2590 812 2639 antico,
843 2589 982 2629 ssavis:

176 2679 294 2712 Cimeoe
319 2684 498 2722 torquatus
524 2677 622 2710 Fabr.
642 2678 718 2711 Ent.
737 2678 823 2721 Syst.
843 2678 898 2711 lv.
917 2676 992 2712 108.
1010 2676 1085 2711 107.
1132 2677 1247 2720 Ejusd.
1270 2677 1356 2720 Syst.
1376 2678 1506 2722 Rhyng.
1524 2677 1600 2711 166.
1616 2677 1670 2712 56.
1718 2679 1816 2711 Rossi
1842 2679 1944 2713 Faun.

216 2748 276 2774 etr.
294 2742 346 2775 ed.
363 2740 456 2785 Jllig.
474 2741 513 2773 ΙΙ.
531 2739 608 2773 370.
627 2738 724 2773 1304.

170 2803 369 2836 Pentatoma
394 2809 555 2846 torquata
580 2801 668 2834 Latr.
692 2802 775 2836 Hist.
792 2809 860 2836 nat.
882 2802 953 2836 XII.
972 2801 1048 2837 190.
1066 2801 1118 2835 20.
1143 2802 1231 2835 Boit.
1249 2812 1338 2834 man.
1357 2800 1440 2833 Enc.
1459 2799 1512 2832 54.

169 2865 400 2909 Raphiqaster
426 2869 604 2907 torquatus
630 2863 724 2897 Herr.
740 2864 886 2897 Schaeff.
912 2864 1031 2897 Wanz.
1048 2865 1103 2897 IV.
1127 2862 1199 2897 100.
1218 2863 1298 2896 Tab.
1317 2861 1442 2896 CXLII.
1464 2862 1519 2906 fig.
1535 2860 1613 2896 447.

168 2957 305 2989 Nezara
327 2955 550 2998 smaraydula
573 2954 670 2997 Amy.
692 2960 725 2987 et
744 2954 829 2988 Aud.
848 2954 941 2988 Serv.
960 2955 1056 2988 Hem.
1076 2953 1150 2988 144.
1170 2953 1199 2987 1.

169 3018 305 3050 Nezara
328 3017 424 3060 Amy.
448 3017 524 3049 Ent.
543 3016 663 3060 Franc.
680 3014 735 3049 82.
753 3014 805 3049 66.

190 3106 347 3146 Habitat
376 3108 416 3146 in
449 3109 599 3159 campis
631 3106 823 3147 Podoliae
854 3107 1065 3155 australis,
1097 3106 1337 3158 pracsertim
1370 3106 1407 3144 in
1439 3106 1563 3145 variis
1595 3107 1812 3156 speciebus
1835 3108 1942 3148 Ver-

77 3179 209 3225 basci:
248 3193 275 3217 oc
306 3184 459 3220 aestate
486 3179 591 3220 haud
621 3192 734 3229 rara,
765 3181 795 3229 β
824 3181 988 3232 saepius
1019 3183 1222 3220 autumno.
