2259 3506
201 340 401 380 Numerus
433 337 693 377 articulorum
723 338 763 376 in
793 337 914 377 tarsis
945 337 1136 377 normalis
1174 338 1398 386 ternarius,
1438 340 1609 376 attamen
1646 338 1751 376 inter
1780 336 1937 392 Longi-

92 417 230 452 sentos
261 413 345 465 jam
383 410 422 450 T
420 409 655 466 hyreocorls
693 414 732 449 et
766 408 1070 449 Acanthosoma
1106 411 1210 449 intel·
1238 408 1443 459 Ploteres,
1480 407 1739 449 Limnobates
1778 414 1818 448 et
1846 409 1939 465 Hy·-

95 484 298 524 (lrometra
326 484 446 524 tarsis
477 483 760 531 biarticulatis,
791 483 895 522 inter
924 481 1256 538 HydrocorisaS,
1288 481 1508 531 Naucoris,
1540 482 1657 537 Nepa
1687 487 1728 522 et
1755 481 1941 521 Ranalra

96 558 214 597 tarsis
252 556 565 605 uniarticulatis,
603 556 913 608 distinguuntur.
975 554 1107 593 Ultimi
1144 558 1344 593 tarsorum
1383 556 1560 604 articuli,
1597 555 1828 609 unguiculis
1860 554 1940 594 du·-

95 629 251 679 plicatis
290 634 355 669 aut
393 628 640 680 simplicibus
676 628 765 679 plus
801 627 866 666 vel
911 627 1041 665 minus
1078 627 1263 665 recurvis
1300 628 1582 678 terminantur,
1627 628 1773 680 quibus
1819 639 1940 678 saepe

93 701 283 753 pulvillus
311 703 484 741 minutus
516 700 869 748 membranaceus,
900 697 1132 738 scandendo
1165 698 1378 750 adJ'uvans,
1409 701 1643 753 interjectus
1674 705 1747 741 est.

204 775 266 814 Ex
296 775 371 814 hac
400 774 512 812 varia
543 771 882 822 conformatione,
919 773 1056 811 variae
1096 771 1255 822 species
1293 772 1437 823 pedum
1469 774 1734 814 nominandae
1763 774 1940 813 veniunt.

94 846 164 886 Sic
195 847 288 886 dicti
315 845 536 901 gressarz‘i,
567 843 825 884 ambulatorii
852 850 891 884 et
921 844 1094 883 cursorii
1122 844 1361 895 saepissime.
1392 856 1468 883 nec
1497 846 1537 884 in
1567 845 1837 899 longitudine,
1866 858 1942 886 nec

94 919 134 958 in
166 923 367 959 structura
398 917 493 956 nihil
524 917 742 969 peculiaris
774 917 1013 965 ostendunt3
1045 916 1148 968 apud
1180 916 1281 956 alios
1305 916 1482 956 adinstar
1501 918 1698 970 remigum
1720 920 1943 971 compressi

95 995 186 1030 sunt
216 1003 248 1030 s.
279 991 490 1038 natatorii,
523 991 563 1029 in
593 990 683 1029 aliis
713 991 858 1042 postici
888 990 1111 1037 saltatorii,
1143 990 1183 1028 in
1214 989 1302 1028 aliis
1335 988 1509 1041 denique
1542 990 1766 1031 anteriores
1798 992 1942 1031 diffor-

94 1075 179 1103 mes
209 1064 381 1118 raptoriz'
408 1065 467 1113 (in
497 1061 628 1119 Syrti,
660 1061 850 1112 Gerrisle,
881 1061 1182 1119 Hydrometra,
1213 1060 1464 1110 Naucoride,
1501 1061 1618 1116 Nepa.
1648 1067 1687 1102 et
1715 1062 1943 1114 Ratiatum:

93 1136 235 1176 horum
266 1135 420 1176 femora
450 1137 672 1175 incrassata
704 1148 794 1175 cum
825 1136 939 1176 sulco
972 1135 1112 1175 subtus
1135 1134 1438 1187 longitudinali,
1470 1134 1519 1174 ad
1547 1135 1683 1174 tibiam
1705 1135 1822 1175 cultri
1842 1148 1944 1187 por—

93 1208 213 1248 tatilis
245 1208 445 1258 adinstar,
475 1208 787 1248 recondendam.

203 1286 240 1329 §.
265 1280 326 1323 13.
377 1281 525 1321 Omnes
557 1285 596 1320 et
626 1281 807 1333 singulas
833 1281 1192 1333 Heteropterorum
1216 1281 1406 1332 species,
1438 1280 1633 1329 irritatas,
1666 1285 1733 1320 aut
1762 1281 1801 1319 in
1830 1282 1946 1332 peri—

94 1354 185 1394 culo
212 1358 424 1394 versantes
457 1354 530 1393 sub
562 1357 768 1403 contactu,
800 1354 849 1393 ad
880 1359 1017 1394 nutum
1046 1354 1283 1403 voluntatis,
1315 1352 1548 1404 specificum
1578 1352 1745 1393 odorem
1768 1354 1945 1405 spirandi

94 1426 282 1466 facultate
313 1426 540 1476 excellere,
581 1426 649 1478 qui
687 1427 761 1467 sub
793 1426 921 1467 forma
960 1427 1211 1467 subtilissimi
1242 1431 1282 1465 et
1310 1426 1558 1477 penetrantis
1589 1427 1771 1478 vaporis,
1810 1428 1944 1466 aereui

95 1499 408 1539 circumdantem
438 1500 644 1551 inquinat,
674 1504 713 1539 et
744 1500 927 1539 inimicos
958 1499 1165 1553 profligat,
1195 1499 1299 1538 benc
1331 1502 1466 1538 notum
1497 1499 1560 1538 sit.
1612 1499 1677 1540 Sic
1702 1497 1947 1538 Pentatoma

84 1573 377 1626 punctipennls
407 1576 447 1611 et
467 1573 816 1627 pnrpuripennis,
847 1571 1169 1627 Stenoeeplzalus
1199 1586 1360 1626 nugax,
1393 1569 1549 1627 Cyrnus
1581 1570 1773 1627 didymus
1801 1584 1839 1610 v.
1864 1570 1945 1611 Re-

94 1642 238 1693 seclae,
269 1644 564 1700 Heterogasler
586 1643 763 1694 Urtime,
794 1643 1091 1684 Anthocorz‘des
1122 1649 1162 1683 ct
1190 1642 1389 1692 Nabides,
1419 1642 1661 1698 Pelogonus
1690 1644 1947 1699 marginatus

96 1721 136 1755 et
168 1716 344 1757 Coriaae
373 1717 500 1757 odore
532 1729 605 1757 suo
638 1730 659 1757 a
688 1717 837 1758 Cc'mz'ce
857 1716 1065 1757 lectulario
1097 1729 1178 1756 non
1209 1716 1409 1755 differunt.
1459 1714 1671 1755 {reduvias
1694 1721 1948 1770 personatus

94 1790 275 1839 murino,
306 1789 455 1844 Nepini
480 1790 691 1830 halecibus
721 1790 912 1842 putridis,
942 1789 1245 1845 Trigonosoma
1266 1788 1417 1828 lineata
1445 1793 1485 1828 et
1504 1789 1799 1843 semismnclata
1819 1789 1948 1841 pomis

94 1863 440 1914 putrescentibus,
473 1862 643 1902 similem
673 1862 859 1913 odorem,
893 1863 1056 1914 spirant.
1111 1863 1200 1902 Non
1230 1863 1431 1915 ingratum
1463 1860 1631 1901 odorem
1659 1860 1843 1915 Nigellae
1875 1874 1947 1901 se-

96 1935 269 1975 minibus
305 1935 346 1974 in
379 1935 559 1984 Garizis,
598 1935 768 1977 floribus
805 1937 982 1976 Muscari
1020 1935 1245 1989 botryoidis
1288 1935 1327 1973 in
1359 1931 1637 1989 Phytocorisle
1664 1938 1947 1988 serpunctatffi

96 2009 232 2048 baccis
255 2008 408 2048 Ribesii
438 2008 545 2062 nigri
575 2009 615 2048 in
639 2008 778 2063 Capsa
803 2008 1008 2057 lrz'colore,
1041 2010 1196 2048 acetico
1227 2009 1267 2047 in
1287 2005 1814 2063 Micrelytrafossularum,
1845 2018 1948 2046 ana-

96 2082 254 2135 logum,
299 2082 374 2133 ipsi
420 2081 756 2121 confirmavimus.
830 2081 977 2121 Contra
1023 2082 1063 2120 in
1106 2079 1351 2120 Pentatoma,
1396 2078 1600 2128 olentem,
1645 2077 1950 2135 Pyrrhocoride

98 2159 261 2208 aptera,
293 2154 333 2192 in
363 2154 545 2206 pluribus
575 2153 841 2210 Pachymeris
868 2159 907 2193 et
926 2152 1113 2211 Syrtide,
1145 2153 1213 2191 vix
1244 2151 1347 2192 odor
1375 2153 1637 2205 perspicuus,
1668 2152 1947 2205 investigatur.

98 2227 198 2265 Hinc
229 2226 478 2277 affinitatem,
517 2240 620 2279 quae
660 2228 764 2266 inter
793 2227 1059 2279 Heteroptera
1089 2226 1257 2275 indicat,
1295 2226 1527 2275 maximam,
1566 2225 1666 2264 haec
1697 2224 1868 2277 qualitas
1899 2225 1948 2265 ab

98 2300 352 2352 homogeneo
394 2300 569 2339 alimenti
608 2311 760 2353 genere
799 2301 928 2340 minus
970 2304 1058 2352 apte
1098 2312 1216 2352 quam
1258 2312 1280 2338 a
1318 2303 1519 2339 structura
1564 2297 1748 2348 corporis
1792 2297 1947 2337 interna

99 2372 297 2412 conformi
336 2373 633 2424 explicandam,
673 2374 861 2425 quoniam
900 2374 940 2412 in
982 2373 1123 2413 eadem
1160 2372 1294 2424 planta
1333 2371 1625 2411 foetidissimae
1663 2370 1822 2422 species
1858 2382 1947 2410 cum

99 2445 328 2485 aromaticis
358 2445 519 2485 insimul
548 2446 705 2496 vivunt,
737 2446 1002 2498 comprobare
1032 2445 1203 2486 videtur.

210 2517 438 2559 Secundum
469 2519 743 2569 experimenta
772 2518 818 2558 L.
835 2518 1000 2573 Dufour
1029 2519 1172 2569 (Rech.
1191 2519 1302 2558 Hem.
1319 2515 1421 2567 267)
1452 2517 1493 2556 in
1511 2515 1799 2555 Pentatomate
1812 2527 1947 2568 punc-

97 2591 251 2645 tipenni
278 2591 480 2640 instituta,
522 2603 653 2643 vapor
688 2592 808 2645 hujus
839 2592 985 2632 insecti
1017 2592 1119 2631 adeo
1151 2592 1257 2631 acris
1294 2594 1357 2630 est
1385 2593 1428 2629 ut
1457 2600 1536 2627 non
1565 2586 1683 2627 modo
1714 2586 1947 2638 lachryma—

99 2664 248 2702 tionem
292 2664 501 2703 oculorum
545 2664 751 2716 producit,
797 2665 870 2705 scd
914 2665 1141 2704 immediate
1186 2664 1266 2704 cuti
1311 2662 1531 2715 applicatus
1569 2661 1609 2699 in
1646 2659 1714 2698 illa
1751 2658 1946 2698 maculam

102 2735 255 2776 fuscam
287 2740 353 2776 aut
382 2737 608 2776 rutilantem
641 2739 757 2790 quasi
788 2738 836 2778 ab
868 2738 994 2778 acidis
1021 2737 1284 2777 minei-alibus
1308 2736 1485 2783 actione,
1517 2738 1626 2773 arcte
1649 2732 1948 2783 adhaerentem,

101 2813 276 2849 caussat,
325 2809 480 2850 Pluries
511 2811 599 2862 ipse
632 2811 680 2850 ab
711 2811 967 2851 exhalatione
989 2809 1108 2862 hujus
1130 2809 1316 2862 generis,
1347 2819 1471 2859 quum
1488 2804 1947 2861 Pentpanctipennem,

103 2880 219 2922 Pent.
240 2883 593 2937 purpuripennem
629 2888 669 2923 et
706 2882 1045 2938 Stenoceplzalum
1082 2895 1281 2937 nugacem
1318 2880 1471 2920 acubus
1508 2879 1652 2918 infixas
1690 2883 1730 2919 et
1765 2878 1805 2918 in
1841 2877 1947 2929 pileo

104 2958 221 3005 caput
242 2955 458 3007 obtegente
478 2956 734 3006 reconditos,
765 2956 883 2996 domo
903 2956 1000 3006 tuli,
1031 2956 1157 2995 diram
1179 2953 1431 3006 cephaleam,
1453 2955 1643 3004 expertus
1666 2964 1766 2992 sum.
1811 2949 1948 2990 Odore

104 3025 182 3065 hoc
212 3026 290 3067 alia
317 3028 472 3068 insecta
503 3030 655 3082 maj0ra
685 3042 775 3069 curn
807 3029 1046 3082 quibusdam
1076 3023 1416 3068 Anthocoridibas
1446 3025 1606 3065 minutis
1637 3025 1678 3064 in
1707 3023 1848 3064 eadem
1879 3022 1945 3062 la-

105 3099 255 3152 genula
285 3100 471 3150 occlusa,
507 3101 612 3142 haud
650 3114 743 3142 raro
782 3102 1014 3155 asphyctica
1051 3100 1197 3141 inveni.
1256 3099 1358 3139 Hinc
1396 3110 1536 3139 omnes
1576 3098 1662 3139 fere
1693 3108 1790 3138 aves
1820 3096 1948 3137 Hete-

105 3176 266 3222 roptera
295 3178 499 3223 respuunt.
