2259 3506
858 178 1226 230 ..63-

197 316 317 348 Cimeoe
342 315 665 359 albo-margiuatus
691 315 788 348 Fabr.
808 314 885 348 Ent.
902 321 981 358 syst.
1002 315 1056 349 lv.
1077 314 1152 350 123.
1170 314 1243 350 168.
1276 316 1390 358 Ejusd.
1408 317 1495 359 Syst.
1517 316 1648 361 Rhyng.
1667 317 1831 354 179.121.
1870 319 1971 353 Pam.

242 377 346 410 Faun.
365 388 470 421 germ.
485 375 541 411 33
557 376 610 409 22.
632 375 769 419 (bona).
795 377 892 409 Wolf
906 377 1000 409 Icon.
1019 377 1101 410 Cim.
1118 376 1172 410 65.
1191 377 1244 411 62.
1263 378 1342 411 Tab.
1356 378 1426 412 VII.
1443 379 1499 423 fig.
1514 377 1567 411 62.
1583 390 1611 411 a.
1626 379 1657 411 b.
1675 377 1790 424 (opt).

196 440 333 482 Cydnus
358 438 680 481 albo—marginatus
706 439 814 472 l‘lahn.
833 439 951 472 Wanz.
969 440 994 472 I.
1014 437 1092 472 167.
1109 439 1188 472 Tab.
1202 440 1317 474 XXVI.
1339 441 1393 485 fig.
1406 438 1459 474 86.
1504 440 1616 474 Burm.
1635 441 1766 475 Handh.
1786 443 1818 475 d.
1836 440 1913 476 Ent.
1931 444 1969 476 ll.

240 499 315 533 375.
333 499 365 533 4.

198 563 341 594 Selairus
366 562 686 606 albo-mnryinatus
710 561 784 594 Am.
804 567 837 594 et
852 561 938 594 Aud.
959 561 1054 595 Serv.
1074 561 1168 594 Hem.
1185 561 1239 595 97.
1259 564 1288 595 4.

195 625 399 656 Hemtwnus
423 624 520 666 Amy.
539 625 615 657 Ent.
632 624 686 656 Fr.
704 622 758 656 63.
775 622 828 655 42.

217 702 376 742 Habitat.
406 704 445 742 in
476 703 586 757 agris
619 706 658 740 et
689 702 727 740 in
759 700 887 741 hortis
918 700 1154 740 Litliuaniae
1185 702 1347 753 passim.

216 786 357 825 Militat
386 787 491 825 inter
524 783 709 841 Cydnum
743 781 905 823 dubium
936 789 976 823 et
1009 785 1054 824 C.
1087 782 1281 840 higulfaz‘c‘
1309 786 1437 826 forma
1457 788 1497 836 β.

216 869 490 908 Praecedente
526 880 607 907 non
639 872 790 908 tantum
821 869 953 908 minor
983 873 1046 909 est
1078 869 1150 909 sed
1183 869 1370 910 diversus
1401 872 1540 911 colore
1572 871 1839 929 fusco-nigro
1871 888 1971 916 cor-

106 943 236 993 poris,
268 947 529 981 antennarum
562 946 601 980 et
630 941 800 993 pedum,
831 942 920 981 solo
951 946 1103 981 tantum
1133 943 1316 995 margine
1338 943 1669 996 hemielytrorum
1692 948 1969 1004 albo-margi-

105 1019 197 1055 nato
231 1026 400 1066 quorum
432 1015 664 1054 membrana
695 1013 897 1063 flavescit,
939 1014 1010 1054 sed
1042 1027 1246 1067 nunquam
1285 1015 1398 1055 fusca
1439 1022 1501 1057 est
1538 1020 1594 1057 uti
1635 1020 1671 1058 in
1705 1020 1806 1076 Cyd.
1836 1021 1969 1079 lngul-

105 1092 189 1128 lalo
219 1087 259 1137 β,
291 1087 406 1139 cujus
439 1087 701 1127 articulorum
734 1087 773 1125 in
803 1087 988 1127 antennis
1020 1088 1098 1128 alia
1128 1092 1191 1127 est
1221 1088 1483 1141 longitudinis
1515 1091 1631 1131 ratio.

105 1186 400 1228 Subdivisio
432 1185 594 1232 Quarta.
654 1186 930 1226 Antennarum
978 1188 1172 1227 articulus
1220 1189 1426 1229 secundus
1464 1191 1584 1230 tertio
1623 1191 1746 1232 multo
1785 1194 1969 1243 brevior3

214 1259 365 1312 reliqui
403 1259 663 1299 characteres
700 1259 986 1310 praecedentis
1029 1260 1320 1301 subdivisionis
1339 1262 1413 1301 *ἢ
1473 1263 1753 1306 TRJTOMEGAS
1783 1269 1900 1322 Amy.
1932 1274 1971 1310 et.

216 1331 320 1372 Aud.
344 1331 458 1373 Serv.
480 1333 592 1372 Hem.
615 1330 682 1374 98.
704 1330 770 1373 64.

102 1462 169 1507 34.
218 1465 402 1521 Cydn.
431 1465 671 1510 bicolor
702 1467 876 1517 (Linn.);
913 1466 1227 1507 ‘subaeneseenti
1258 1469 1395 1522 niger3
1425 1472 1584 1521 pronoti
1615 1474 1784 1513 maculis
1813 1476 1969 1526 antistis,

215 1538 547 1592 hemielytrorum
578 1539 728 1579 lunulis
759 1538 958 1579 humerali
998 1544 1038 1578 et
1072 1541 1216 1591 apicali
1246 1541 1438 1594 tibiisque
1470 1548 1588 1584 extus
1619 1545 1669 1585 ad
1699 1546 1814 1587 basin
1844 1548 1968 1591 albis:

217 1612 448 1651 membrana
480 1612 638 1664 alisque
670 1612 828 1653 albidis.
888 1612 1014 1665 Long.
1046 1611 1199 1665 2ὲ-3
1221 1613 1288 1653 lin.

198 1701 316 1733 Cimeae
342 1701 468 1733 bicolor
486 1701 580 1733 Linn.
600 1700 704 1734 Faun.
723 1713 772 1734 su.
790 1700 866 1734 936.
893 1702 943 1734 De
957 1702 1045 1734 Geer
1062 1702 1158 1734 illem.
1177 1701 1232 1734 III.
1251 1700 1328 1735 268.
1349 1701 1401 1735 12.
1426 1703 1524 1737 Fabr.
1542 1705 1617 1738 Ent.
1634 1712 1714 1749 syst.
1731 1708 1785 1740 IV.
1804 1707 1971 1743 121.161.

238 1762 314 1796 Vill.
332 1763 408 1795 Ent.
425 1762 519 1795 Linn.
538 1761 613 1795 499.
633 1760 686 1795 63.
724 1762 822 1795 Fabr.
841 1762 927 1805 Syst.
946 1763 1078 1807 Rhyng.
1100 1762 1174 1798 176.
1194 1762 1268 1797 109.
1302 1764 1446 1799 Schaeff.
1464 1767 1525 1799 ins.
1544 1774 1604 1800 rat.
1623 1768 1702 1802 Tab.
1717 1769 1799 1803 XLI.
1817 1771 1871 1815 fig.
1888 1769 1921 1804 8.
1937 1770 1969 1805 9.

239 1824 335 1857 Stoll.
354 1825 486 1857 Punais.
504 1823 557 1857 94.
576 1824 656 1857 Tab.
671 1824 802 1858 XXXII.
822 1824 877 1868 fig.
890 1823 969 1859 224.
994 1825 1095 1857 Panz.
1113 1824 1219 1858 Faun.
1239 1836 1344 1869 germ.
1362 1826 1414 1861 32.
1435 1827 1487 1862 11.
1506 1828 1641 1874 (bona).
1666 1831 1768 1864 Wolf.
1784 1832 1875 1866 Icon.
1894 1834 1969 1866 cim.

236 1885 290 1919 63.
309 1885 364 1921 60.
387 1886 467 1919 Tab.
483 1886 552 1918 VII.
571 1886 627 1930 fig.
642 1884 696 1919 60.
715 1897 745 1919 a.
759 1887 792 1920 b.
840 1886 1033 1920 Schellenb.
1059 1887 1176 1920 Wanz.
1195 1887 1247 1921 10.
1268 1888 1349 1922 Tab.
1363 1890 1402 1922 II.
1423 1890 1478 1935 fig.
1496 1890 1527 1924 2.
1574 1892 1707 1927 Donov.
1733 1893 1813 1927 Brit.
1832 1896 1895 1929 ins.
1913 1895 1969 1928 IX.

238 1947 317 1980 Tab.
333 1947 411 1982 297.
433 1948 549 1992 (opt.).

196 2010 332 2053 Cydnus
359 2010 485 2042 bicolor
511 2010 607 2043 Hahn
625 2010 742 2043 WVanz.
760 2011 784 2043 1.
808 2009 882 2044 192.
901 2011 981 2044 Tab.
997 2011 1114 2044 XXXI.
1133 2012 1187 2055 fig.
1202 2010 1256 2045 99.
1283 2012 1438 2046 Zetterst.
1457 2015 1520 2048 ins.
1537 2015 1625 2059 lapp.
1643 2016 1718 2050 258.
1737 2016 1766 2051 1.

194 2073 394 2104 Pentatoma
418 2072 545 2104 bicolor
569 2071 654 2104 Latr.
674 2072 801 2115 Lepell.
826 2078 858 2105 et
874 2073 968 2106 Serv.
986 2073 1124 2115 Encycl.
1144 2073 1183 2107 X.
1200 2073 1253 2107 58.
1270 2073 1325 2110 25.

197 2135 403 2176 Tritomegsas
429 2133 556 2166 bicolor
579 2133 678 2176 Amy.
698 2140 729 2166 et
745 2134 833 2167 Aud.
853 2134 946 2168 Serv.
966 2135 1059 2168 Hem.
1076 2134 1130 2169 98.
1151 2135 1180 2169 1.

198 2197 403 2238 Tritomeqas
426 2195 524 2238 Amy.
542 2196 618 2228 Ent.
641 2196 761 2239 Frane.
780 2194 833 2229 64.
852 2194 905 2230 43.

217 2274 316 2314 Hab.
358 2273 555 2326 frequens
595 2275 635 2314 in
674 2276 785 2329 agris
825 2275 1026 2316 demessis
1065 2276 1310 2317 editionibus
1348 2282 1538 2319 autumno
1579 2284 1619 2319 et
1657 2281 1733 2321 sub
1764 2282 1966 2334 lapidibus

104 2347 260 2387 vernali
290 2351 494 2398 tempore,
524 2360 598 2400 per
626 2353 750 2388 totam
781 2348 1044 2389 Lithuaniam.

215 2419 451 2473 Magnitudo
483 2432 622 2472 parum
652 2421 793 2461 variat.
843 2421 1021 2474 Uterque
1053 2434 1177 2462 sexus
1209 2422 1394 2463 similiter
1422 2424 1567 2476 pietus.
1618 2425 1775 2478 Corpus
1806 2432 1965 2468 ovatum

105 2493 602 2545 impresso—punctatum,
640 2495 823 2547 nigrum,
863 2493 1045 2535 nitidum.
1105 2494 1210 2535 Alba
1249 2499 1363 2535 sunt:
1405 2498 1563 2538 macula
1601 2500 1760 2551 pronoti
1792 2504 1966 2551 utroque

106 2566 146 2605 in
175 2565 303 2605 latere
333 2566 375 2604 in
404 2566 588 2619 margine
620 2568 823 2607 anteriore
855 2567 1054 2617 lunulata⁷
1084 2567 1247 2608 lunulae
1279 2568 1382 2608 duae
1413 2568 1764 2623 hemielytrorum‚
1796 2584 1966 2624 quarum

104 2638 284 2678 anterior
325 2639 473 2691 major,
517 2643 556 2678 et
595 2639 776 2680 maculae
815 2640 1020 2692 simplices
1058 2652 1180 2692 supra
1218 2641 1258 2681 in
1293 2642 1475 2695 margine
1521 2643 1758 2684 abdominis.
1833 2645 1964 2686 Pedes

106 2711 225 2771 nigri.
283 2711 422 2752 Tibiae
453 2712 642 2764 spinosae
674 2717 792 2753 extus
821 2713 870 2754 ad
901 2713 1018 2754 basin
1047 2713 1126 2753 late
1157 2713 1285 2754 albae.
1341 2714 1442 2755 Alae
1473 2720 1514 2755 et
1542 2716 1773 2757 membrana
1803 2718 1948 2759 albida.

106 2839 173 2886 35.
221 2844 411 2900 Cydn-
447 2844 791 2899 hiyuttatus
820 2847 997 2898 (Linn.>;
1046 2848 1356 2902 aeneo-niger,
1387 2848 1568 2901 margine
1598 2849 1756 2892 laterali
1785 2852 1963 2906 undique

219 2918 311 2958 albo
322 2932 332 2967 3
362 2917 613 2971 hemielytris
643 2924 792 2972 puncto
823 2920 1036 2962 diseoidali
1066 2920 1171 2961 albo.
1230 2921 1358 2974 Long.
1392 2919 1539 2973 1ὲ-2
1559 2921 1627 2963 lin.

165 3019 206 3046 α.
246 3008 478 3062 genuinus;
506 3013 654 3060 puncto
686 3008 897 3050 discoidali
929 3010 1260 3063 hemielytrorum
1292 3008 1500 3050 distincto:

200 3094 318 3126 Cimeae
343 3095 530 3138 biyuttatus
554 3096 648 3130 Linn.
672 3098 778 3133 Faun.
796 3110 844 3133 su.
861 3098 937 3133 936.
984 3099 1082 3132 Fabr.
1100 3099 1176 3131 Ent.
1196 3097 1282 3140 Syst.
1302 3097 1357 3130 IV.
1375 3097 1449 3132 122.
1468 3097 1543 3132 164.
1591 3101 1708 3143 Ejusd.
1725 3101 1810 3144 Syst.
1829 3101 1962 3146 Rhyng.

244 3153 317 3189 178.
337 3154 411 3190 116.
446 3157 578 3191 Villers.
596 3159 671 3193 Ent.
689 3158 785 3193 Linn.
800 3159 878 3194 499.
895 3159 948 3194 62.
985 3160 1088 3194 Panz.
1104 3159 1210 3194 Faun.
1226 3170 1331 3204 germ.
1352 3158 1406 3195 32.
1424 3159 1477 3196 13.
1495 3160 1608 3205 (opt.).
