2259 3506
1087 134 1413 182 ψῃ*

335 288 396 314 me
433 274 571 327 Judice
608 284 681 324 pro
712 284 757 311 ea
798 272 971 319 ratione,
1011 281 1087 321 qua
1127 279 1322 321 generum
1355 279 1546 307 numerus
1585 267 1752 319 amplior
1793 267 1851 317 fit,
1891 269 1976 320 ipsa
2018 266 2170 315 cadem,

335 359 415 400 que
446 348 573 386 minus
603 345 745 384 validis
775 343 989 382 innitantur
1020 339 1344 389 characteribus,
1377 340 1590 379 Scientiam
1619 340 1742 391 ipsam
1767 341 1894 393 magis
1916 339 2171 379 fluctuantem

333 420 507 459 efficiant
543 421 720 469 oportet,
757 414 925 454 maxime
964 412 1151 452 contendi
1189 417 1309 464 atque
1349 413 1486 452 enisus
1527 424 1633 462 sum,
1672 418 1714 452 ut
1751 413 1864 465 plura
1904 425 2056 466 genera
2097 425 2169 451 re-

334 497 471 532 center
517 490 741 542 excegitata
781 488 861 538 jam
906 486 1106 537 antiquius
1154 486 1331 537 receptIS
1384 489 1570 537 tanquam
1613 483 1933 534 subdivisiones,
1979 484 2027 524 ad
2076 485 2172 524 artis

334 576 509 604 normam
541 566 580 601 et
608 562 758 612 legem,
789 558 1106 598 adstruerentur.
1142 583 1185 587 -

445 633 723 687 Synonymiam
754 631 831 670 nisi
868 635 992 670 ratam
1033 635 1266 682 certamque
1305 633 1575 680 accurateque
1614 642 1635 668 a
1667 641 1729 668 me
1761 628 1944 668 collatam
1985 633 2024 668 et
2053 630 2173 668 truti-

334 714 460 748 natam
501 719 551 745 ex
580 704 756 743 fontibus
800 704 897 755 ipsis
937 704 1190 752 exhaustam,
1230 703 1388 741 minime
1420 706 1551 741 autem
1583 714 1605 741 e
1643 701 1757 741 libris
1788 702 1895 741 nulla
1927 701 2065 740 critica
2097 701 2173 740 de-

333 784 523 830 sumptam
554 775 617 816 vel
649 776 698 815 ad
728 775 897 815 aliorum
930 776 1165 815 sententiam
1198 779 1236 814 et
1276 774 1391 814 fidem
1423 774 1686 826 descriptam,
1716 774 1934 826 prioritatis
1971 774 2172 813 nominum

335 853 423 904 lege
456 854 592 890 sancte
623 852 804 898 servata,
836 848 1102 887 exhibendam
1135 847 1286 887 curavi.

443 923 554 970 Quae
587 921 746 972 species
779 920 923 959 dubiae
963 919 1238 959 levidensibus
1276 917 1578 958 characteribus
1609 920 1664 967 (v.
1697 931 1730 958 e.
1763 919 1902 959 colore
1934 919 2104 958 maxime
2135 920 2174 958 in

331 995 688 1046 Heteropterorum
719 992 882 1032 Familia
911 992 1137 1044 versipelli)
1169 992 1329 1030 innixae
1368 990 1462 1030 mibi
1500 990 1612 1030 visae
1651 995 1762 1041 sunt,
1802 991 1965 1031 easdem
2005 1003 2175 1043 prorsus

330 1068 462 1107 delevi
500 1067 548 1106 ad
587 1077 763 1118 suasque
802 1065 1006 1116 proximas
1044 1065 1256 1114 revocavi,
1296 1075 1345 1103 ne
1385 1064 1425 1102 in
1463 1062 1664 1104 Scientiae
1709 1063 1987 1104 detrimentum
2026 1064 2175 1104 nullius

330 1139 480 1179 valoris
512 1150 558 1178 ac
587 1138 774 1177 momenti
804 1149 904 1177 vana
934 1138 1092 1177 nomina
1123 1136 1293 1176 ulterius
1325 1135 1547 1176 officerent.

440 1211 528 1251 Non
555 1210 700 1251 desunt
720 1211 887 1258 etenim,
919 1223 940 1250 a
972 1210 1118 1263 quibus
1149 1210 1278 1249 inanis
1300 1208 1498 1262 gloriolae
1529 1208 1683 1261 pruritu
1707 1213 1745 1248 et
1767 1208 1946 1260 arbitrio,
1973 1215 2174 1262 assumpta

330 1295 432 1323 nova
477 1283 733 1337 excogitandi
781 1283 1033 1335 aliorumque
1082 1282 1238 1321 detecta
1276 1280 1563 1333 pessumdandi
1601 1286 1776 1334 notaque
1816 1283 1897 1335 jam
1943 1294 2015 1334 pro
2060 1283 2175 1322 nevis

329 1355 558 1396 venditandi
586 1356 820 1395 auctoritate
851 1359 891 1394 et
920 1354 1236 1405 consuetudine,
1275 1366 1344 1394 res
1375 1354 1680 1408 Entomologica
1710 1354 1837 1395 hocce
1867 1359 2047 1407 tempore
2089 1354 2177 1395 fere

330 1429 462 1468 vitiata
501 1433 540 1467 et
577 1427 796 1468 adulterata
831 1427 979 1478 extitit,
1023 1427 1125 1467 adeo
1163 1432 1206 1467 ut
1235 1427 1453 1467 Linnaeum
1495 1427 1704 1480 quemdam
1738 1428 1819 1480 jam
1859 1433 2065 1480 expectet,
2108 1429 2176 1480 qui

331 1501 463 1541 denuo
494 1500 600 1541 illam
632 1501 672 1541 in
702 1501 839 1553 aprico
871 1500 1046 1540 collocet
1076 1505 1115 1540 ct
1146 1500 1193 1539 ab
1225 1499 1356 1539 aliena
1385 1501 1646 1552 usurpatione
1677 1501 1843 1541 liberam
1877 1501 2045 1541 evincat.
2077 1526 2128 1529 —
