2259 3506
810 184 1216 235 —147—

173 320 298 352 Con-eus
321 322 506 364 pilia-ornis
534 322 638 365 h'lug!
664 323 696 354 in
716 322 799 354 Mus.
820 322 962 354 berolin.
993 322 1103 354 Burm.
1123 321 1255 354 llandb.
1273 322 1304 353 d.
1323 321 1398 353 Eut.
1419 320 1456 353 ΙΙ.
1475 319 1552 354 309.
1569 320 1600 352 2.

171 381 357 414 Meroe-oris
382 383 613 414 denticulatus
641 383 748 416 llahn.
766 384 882 415 VVanz.
902 384 941 416 ll.
964 382 1036 415 106.
1055 383 1135 415 Tab.
1154 382 1249 415 LXII.
1269 383 1324 425 fig.
1341 380 1415 415 188.
1433 381 1517 424 (var.
1537 381 1652 413 colore
1666 382 1807 422 (Ji-iseo),

192 459 349 499 Habitat
379 460 418 498 in
450 460 656 512 sylvaticis
689 461 892 501 sabulosis
926 461 1160 499 Lithuaniae
1192 459 1483 499 meridionalis,
1544 459 1630 499 Non
1664 457 1801 497 foetet.

191 542 465 582 praecedente
504 544 654 592 minor,
701 548 739 582 at
779 548 978 593 sequente
1015 542 1134 593 paulo
1176 542 1304 593 major
1341 546 1380 580 et
1426 541 1611 580 antennis
1654 541 1939 587 crassioribus,

56 613 260 653 articulis
293 614 452 654 duobus
484 614 626 653 mediis
658 614 898 664 aequalibus
929 617 971 652 ut
1003 618 1042 651 et
1074 613 1200 664 spinis
1234 613 1378 663 pedum
1410 613 1593 663 pluribus
1626 612 1826 652 diversus.

189 684 346 736 Corpus
378 686 593 737 pilosulum
628 686 767 724 colore
798 685 932 733 vario,
971 684 1090 723 modo
1122 683 1652 735 pulverulento-griseum,
1685 685 1803 723 modo
1837 697 1937 735 pur—

77 758 541 810 purascenti-griseum,
587 756 706 795 modo
747 755 1226 796 suscescenti—rubrum.
1306 754 1432 806 Caput
1470 755 1655 794 scabrum
1695 757 1825 795 antice
1866 768 1938 807 pro

77 827 298 867 insertione
329 829 452 867 rostri
483 829 522 866 in
553 828 743 881 angulum
776 840 913 879 parum
945 828 1209 878 productum,
1241 830 1355 865 extra
1378 831 1570 865 antennas
1593 828 1821 880 angulatum
1846 827 1936 865 hinc

76 900 208 938 antice
238 899 441 938 trilobum.
514 899 727 938 Antennae
759 900 1008 952 cylindricae
1041 900 1219 939 hirsutae
1250 898 1314 936 vel
1347 898 1516 949 spinulis
1547 898 1800 938 brevissimis
1833 911 1936 938 con—

77 970 211 1010 fertim
245 971 444 1011 obtectae.
505 971 780 1010 Antennarum
822 971 980 1011 articuli
1010 971 1108 1024 sere
1138 968 1324 1024 aequalis
1355 967 1646 1023 lsmgilmlim's,
1683 971 1835 1020 primus
1873 970 1937 1009 vel

76 1042 262 1082 basilaris
295 1043 476 1082 crassior
506 1047 546 1082 et
576 1043 740 1082 ultimus
773 1044 940 1082 conicus
972 1044 1087 1095 apice
1118 1039 1530 1092 nudiusculo,siisei.
1581 1041 1796 1080 Pronotum
1828 1042 1937 1092 pilo-

76 1126 187 1163 sum,
226 1115 435 1163 scabrum,
474 1114 653 1153 humeris
685 1127 823 1166 parum
856 1115 1030 1154 exsertis
1064 1114 1102 1153 in
1141 1125 1296 1153 summo
1330 1113 1513 1164 margine
1545 1112 1647 1151 albis
1679 1113 1805 1164 spinis
1837 1113 1937 1152 bre-

73 1186 254 1225 vioribus
293 1190 333 1225 et
371 1186 409 1225 in
447 1186 642 1225 lateribus
682 1191 721 1225 et
759 1187 799 1225 in
839 1187 1020 1239 margine
1059 1186 1216 1237 postico
1257 1184 1306 1223 ad
1345 1184 1558 1224 scutellum
1590 1196 1721 1235 usque
1753 1184 1936 1235 pluribus

73 1258 195 1307 albis,
227 1263 441 1306 armatum,
474 1258 566 1297 hinc
598 1270 761 1309 quoque
793 1258 929 1310 anguli
960 1258 1121 1310 pronoti
1152 1255 1382 1295 humerales
1414 1260 1531 1294 acute
1564 1256 1717 1307 spinosi
1750 1256 1935 1294 evadunt.

73 1330 320 1382 Hemielytra
350 1329 592 1369 brevissime
623 1329 771 1381 pilosa,
805 1330 1083 1370 scabriuscula
1115 1330 1154 1368 in
1187 1333 1297 1368 costa
1328 1339 1475 1366 versus
1508 1327 1620 1366 basin
1653 1332 1692 1366 et
1723 1339 1854 1379 usque
1886 1327 1934 1366 ad

73 1401 335 1440 elevatiorem
365 1401 592 1441 abdominis
625 1402 869 1454 marginem,
901 1402 1101 1441 subtiliter
1133 1404 1310 1449 serrata,
1341 1400 1477 1438 nervis
1509 1399 1656 1450 pallide
1688 1403 1728 1437 et
1759 1399 1934 1438 obscure

71 1474 311 1526 variegatis:
343 1473 576 1512 membrana
608 1474 878 1527 grisescente.
930 1473 1144 1513 Abdomen
1174 1485 1279 1524 pone
1313 1471 1487 1511 medium
1521 1471 1744 1519 dilatatum,
1777 1471 1934 1522 margi-

72 1544 189 1584 nibus
219 1545 320 1584 rufis
353 1545 662 1595 submaculatis,
694 1549 808 1584 extra
840 1544 1080 1597 hemielytra
1112 1545 1295 1584 elevatis.
1346 1543 1506 1594 Corpus
1529 1542 1670 1582 subtus
1693 1542 1932 1581 flavescens.

71 1615 201 1656 Pedes
241 1616 399 1666 scabri,
441 1617 583 1668 pilosi,
632 1617 854 1656 femoribus
893 1617 1021 1657 fuscis
1067 1617 1244 1655 obscure
1285 1615 1514 1664 maculatiS,
1559 1615 1729 1666 posticis
1775 1613 1932 1652 duobus

71 1687 366 1738 crassioribus,
407 1688 548 1728 subtus
581 1689 696 1741 juxta
733 1689 886 1740 apicem
918 1688 1293 1740 albo-spinulosis.
1354 1686 1545 1738 Spinulae
1576 1686 1771 1736 imprimis
1802 1686 1933 1733 binae,

71 1772 240 1812 quarum
271 1760 475 1811 posterior
506 1760 690 1813 longior,
720 1772 825 1812 pone
856 1760 959 1800 hanc
991 1760 1174 1812 spinulae
1207 1758 1231 1800 3
1263 1763 1330 1799 aut
1359 1759 1384 1799 lt
1417 1759 1567 1798 sensim
1591 1757 1816 1796 breviores.
1860 1757 1933 1795 Ti-

69 1834 159 1873 biae
189 1832 384 1884 pallidae,
414 1831 797 1871 fusco-maculatae.

113 1937 229 1970 Nota.
267 1936 393 1968 Cereus
417 1936 538 1977 affinis
566 1936 822 1969 llerr.Schaess'.
847 1936 962 1968 wanz.
988 1936 1042 1968 lv.
1068 1934 1122 1968 97.
1149 1934 1230 1966 Tab.
1254 1933 1362 1966 CXLI.
1391 1934 1444 1977 fig.
1467 1932 1543 1966 441.
1570 1939 1620 1965 est
1645 1934 1752 1965 forma
1778 1931 1931 1964 australis

265 2007 368 2039 supra
392 1999 842 2039 purpureo-cinnamomea
874 1997 991 2029 subtus
1023 1996 1127 2028 ‹tilute
1158 1994 1368 2035 flavescens,
1401 1996 1496 2026 cuius
1521 1993 1681 2026 articulus
1706 1995 1833 2035 primus
1859 1993 1931 2025 aliis

268 2058 420 2100 longior,
453 2058 622 2089 secundus
655 2063 687 2090 et
719 2059 834 2090 tertius
858 2059 967 2100 primo
993 2058 1169 2090 breviores
1194 2057 1280 2088 inter
1303 2066 1340 2087 se
1365 2054 1544 2098 aequales,
1575 2060 1607 2087 et
1632 2060 1771 2098 quartus
1796 2055 1933 2086 brevior

268 2119 379 2150 tertio.
427 2117 508 2149 Tres
539 2120 670 2160 priores
702 2118 831 2151 articuli
864 2118 957 2150 rubri
990 2123 1084 2158 sunt,
1121 2117 1217 2150 clava
1250 2122 1361 2149 autem
1403 2117 1494 2149 fusca
1521 2116 1618 2158 apice
1643 2115 1743 2147 fulva.
1793 2115 1932 2147 Pronoti

268 2180 436 2221 margines
461 2178 618 2212 laterales
644 2179 821 2212 denticulis
847 2179 997 2222 pluribus
1023 2180 1161 2218 armati,
1185 2179 1218 2210 in
1244 2179 1397 2221 margine
1421 2183 1531 2209 autem
1558 2178 1690 2219 postico
1716 2177 1784 2208 duo
1804 2181 1930 2207 tantum

267 2240 381 2273 albidi.

66 2370 132 2410 94‘.
181 2370 317 2412 Gor.
347 2368 774 2410 scabricornis
811 2369 1037 2419 (Panzer);
1087 2368 1234 2419 pallide
1273 2367 1521 2413 flavescens;
1571 2365 1730 2416 pronoti
1771 2364 1929 2416 angulis

179 2439 455 2481 humeralibus
501 2443 617 2478 acute
663 2441 861 2491 spinosis,
912 2439 1134 2480 lateraliter
1179 2439 1414 2486 serrulatis;
1465 2438 1648 2477 antennis
1694 2435 1928 2475 incrassatis

177 2512 357 2559 scabri53
388 2510 610 2550 femoribus
640 2512 807 2562 posticis
840 2511 1012 2551 dentatis
1028 2510 1067 2551 ἥρ.

158 2600 284 2633 Cor-eus
309 2597 543 2631 scabricornis
570 2597 669 2630 Panz.
688 2597 794 2631 Fauii.
811 2609 918 2642 germ.
935 2597 989 2631 99.
1007 2596 1061 2631 21.
1081 2596 1321 2641 (optimal).

177 2677 336 2716 Habitat
365 2677 405 2715 in
435 2674 659 2726 Volhyniae
689 2676 965 2716 meridionalis
1002 2675 1208 2726 sylvaticis
1239 2674 1375 2713 siccis.

176 2749 320 2788 Facies
351 2751 391 2787 et
421 2750 573 2786 statura
605 2745 700 2785 Cor.
722 2745 956 2799 pilleornis,
990 2747 1063 2786 sed
1095 2747 1226 2785 minor
1255 2749 1296 2783 et
1325 2744 1551 2783 distinctus.

178 2819 306 2871 Caput
337 2818 596 2870 quadratum,
626 2817 793 2866 hirtum,
823 2818 1037 2867 scabrum,
1065 2828 1256 2867 opacum,
1286 2814 1435 2867 pallide
1465 2813 1643 2861 fuscum,
1673 2812 1803 2850 antice
1825 2822 1926 2861 pro-

67 2891 236 2930 minens.
296 2889 413 2937 Oculi
442 2889 777 2940 protuberantes,
809 2889 925 2929 susci.
986 2889 1199 2928 Antennae
1231 2886 1422 2934 scabrae,
1452 2885 1601 2933 hirtae,
1630 2882 1793 2931 fuscae,
1823 2882 1926 2920 arti-

69 2963 172 3001 culis
203 2961 388 3000 omnibus
419 2959 678 3014 aequilongis
711 2959 869 2999 duobus
901 2958 1151 2998 intermediis
1184 2957 1349 2996 sordide
1381 2955 1708 2995 flavescentibus.
1764 2953 1925 2991 Prono-

71 3039 150 3073 tum
181 3033 311 3071 antice
343 3035 609 3080 attenuatum,
647 3031 804 3081 postice
836 3030 1065 3078 dilatatum,
1105 3028 1154 3067 ad
1185 3028 1357 3079 angulos
1395 3027 1625 3066 humerales
1664 3025 1855 3075 utrinque
1885 3023 1926 3061 iu

71 3105 226 3155 spinam
257 3106 411 3142 acutam
442 3102 704 3154 productum,
736 3102 917 3154 margine
947 3100 1102 3140 laterali
1125 3098 1462 3139 serrato-ciliato.
1515 3097 1734 3138 Scutellum
1761 3094 1925 3135 sordide

1594 3166 1668 3199 194·-
