2259 3506
910 198 1267 231 *XI—

152 309 386 364 Zoologicis
417 311 761 363 praelectionibus
792 325 957 366 operam
988 321 1197 365 navasset,
1239 318 1305 357 cui
1337 328 1480 357 munus
1510 316 1587 357 hoe
1619 321 1710 369 post
1740 318 1852 358 illum
1884 318 2015 358 obve-

149 387 283 432 nerat,
315 394 408 434 pars
440 383 507 423 illa
537 383 747 425 doctrinae
778 386 984 438 ejusdem,
1016 400 1120 439 quae
1151 389 1307 428 insecta
1329 393 1506 440 spectat,
1538 389 1637 428 nulli
1669 401 1792 429 curae
1824 392 1930 437 erat,
1961 389 2014 427 ita

148 458 191 492 ut
220 465 294 505 per
332 454 497 506 aliquod
536 459 694 508 tempus
733 468 903 509 prorsus
943 459 1131 512 neglecta
1165 461 1346 511 jaceret,
1384 460 1479 500 licet
1510 459 1888 500 Pertlze'esiana
1919 459 2012 498 col-

147 525 289 575 lectio,
328 530 410 566 tum
450 539 518 577 ea,
564 540 668 580 quae
706 541 727 568 a
758 530 957 569 Ioanne
987 529 1241 585 Kryniclfi
1277 536 1398 583 atque
1437 531 1662 571 Antonio
1693 529 1923 571 Male-clei
1959 543 2012 569 ex

80 642 82 644 v
145 596 380 647 itineribus,
412 611 517 650 quae
548 611 621 651 per
642 599 900 652 Volhyniam,
932 601 1161 651 Podoliam,
1193 603 1406 642 Ucrainam
1437 603 1598 655 aliaque
1620 604 1710 644 loca
1741 603 2010 651 instituerant,

138 669 219 719 jam
251 674 415 719 praesto
448 675 609 721 essent,
648 671 698 711 de
736 683 781 711 re
813 672 971 724 agenda
1004 678 1043 712 et
1073 685 1147 724 pro
1180 674 1333 713 viribus
1365 675 1640 725 promovenda
1672 676 1770 715 satis
1803 685 2011 726 superque

143 746 367 781 monerent.

256 813 373 852 Circa
403 812 509 852 idem
541 818 720 866 tempus,
752 826 857 855 anno
887 815 1045 855 scilicet
1079 813 1205 866 1829,
1237 815 1405 856 Musaeo
1429 816 1612 856 Vilnensi
1644 821 1910 858 accesserunt
1941 817 2009 856 in-

143 887 274 933 secta,
307 896 413 936 quae
444 897 467 924 e
498 885 823 937 Hemipterorum
855 892 895 926 et
926 887 1264 939 Coleopterorum
1297 888 1440 928 ordine
1473 890 1512 928 in
1544 888 1768 940 Volhyniae
1800 895 1839 929 et
1869 887 2008 928 Podo-

140 954 218 994 liae
258 956 342 995 oris
380 956 485 996 lecta
524 956 640 997 fuere
680 971 701 997 a
740 959 964 998 Hortulano
1006 959 1344 1009 Cremenecensi,
1387 959 1570 999 carolo
1606 959 1838 1006 Ussitzell,
1876 960 2005 998 Vien—

139 1028 276 1076 nensi,
308 1027 449 1067 Vilnae
480 1028 559 1068 vita
599 1029 812 1080 defuncto,
850 1043 954 1082 quae
994 1032 1180 1071 accessio
1220 1032 1363 1071 mirum
1404 1043 1522 1082 quam
1563 1036 1787 1082 opportuna
1826 1032 1865 1069 in
1904 1043 2005 1079 rem,

136 1098 187 1137 de
219 1111 297 1150 qua
328 1100 507 1153 agimus,
539 1102 684 1151 cessit,
723 1114 896 1154 eamque
934 1102 1194 1153 locupletavit
1231 1106 1309 1142 tam
1347 1103 1408 1142 rei
1440 1103 1577 1153 eopia,
1609 1114 1729 1152 quam
1761 1101 1924 1140 delectu
1955 1114 2003 1141 ae

135 1175 243 1220 arte,
276 1184 355 1223 qua
384 1173 627 1224 praestabat.
689 1173 802 1220 Quae
833 1178 1006 1214 attamen
1037 1174 1170 1213 omnia
1202 1173 1343 1213 decem
1376 1185 1570 1213 annorum
1609 1172 1787 1212 decursu
1818 1185 1895 1211 nec
1925 1172 2002 1211 ad-

138 1247 243 1282 tacta
275 1242 438 1295 quidem
470 1245 536 1285 vel
567 1246 616 1285 ad
648 1257 830 1286 normam
862 1245 1062 1298 quandam
1093 1245 1310 1296 disposita,
1339 1242 1434 1294 quid
1467 1244 1502 1282 si
1533 1244 1650 1282 etiam
1673 1255 1844 1295 prorsus
1867 1243 2004 1292 oblita,

134 1315 368 1368 misereque
404 1316 538 1356 habita
568 1316 709 1367 fuere,
747 1318 800 1357 ita
839 1322 882 1357 ut
919 1317 1062 1357 eadem
1094 1316 1326 1356 conditione
1363 1326 1509 1354 annum
1549 1316 1667 1354 etiam
1703 1314 1804 1356 1841
1842 1315 1999 1355 saluta-

134 1388 231 1436 rint,
273 1399 352 1439 quo
383 1388 581 1440 Kijoviam
622 1388 754 1429 delata
786 1394 891 1429 sunt.
951 1389 1004 1428 At
1033 1400 1111 1428 non
1150 1385 1371 1425 defuerunt
1409 1397 1529 1436 sane,
1570 1387 1640 1438 qui
1676 1399 1763 1426 rem
1797 1386 2000 1439 ejusmodi

132 1458 180 1498 ad
218 1460 316 1499 artis
362 1463 402 1499 et
439 1459 647 1500 doctrinae
686 1461 804 1514 leges
844 1466 884 1500 et
921 1457 1121 1509 postulata
1159 1456 1431 1496 revocandam
1473 1457 1675 1508 proficere
1715 1459 1918 1507 valerent,
1963 1458 1998 1497 si

131 1530 250 1570 modo
281 1532 530 1582 provinciam
561 1532 665 1572 hanc
693 1532 806 1572 adire
831 1530 938 1581 jussi
959 1528 1145 1568 fuissent.
1205 1528 1294 1575 Quo
1321 1528 1413 1568 loco
1438 1530 1610 1569 maxima
1641 1542 1732 1569 cum
1763 1529 1882 1569 laude
1905 1541 1997 1568 me-

132 1603 315 1642 morandi
347 1603 444 1643 mihi
475 1608 568 1644 sunt
596 1602 750 1643 Musaei
778 1600 984 1653 zoologici
1006 1600 1211 1640 Vilnensis
1234 1605 1572 1650 conservatores,
1605 1601 1804 1640 duumviri
1827 1601 1993 1640 Brun-

130 1688 284 1714 nerus
315 1678 436 1727 atque
467 1673 770 1720 snm-teras,
810 1672 850 1711 in
880 1672 1101 1712 farciendis
1139 1672 1370 1712 animalium
1407 1672 1582 1723 pellibus
1614 1672 1662 1712 ad
1695 1673 1875 1724 speeiem
1907 1672 1996 1711 viva

127 1745 391 1786 referentium
423 1755 520 1783 vere
559 1743 764 1796 magistri,
805 1744 874 1795 qui
914 1743 1195 1795 amplificando
1236 1748 1276 1783 et
1313 1743 1548 1784 adornando
1580 1743 1747 1783 Musaeo
1777 1742 1996 1795 zoologico

127 1817 308 1856 Vilnensi
340 1827 457 1867 quam
487 1814 703 1865 plurimum
734 1815 993 1856 contulerunt
1033 1820 1223 1866 tantaque
1261 1820 1348 1855 arte
1380 1827 1427 1854 ae
1459 1815 1594 1855 studio
1624 1820 1821 1868 egerunt,
1851 1818 1894 1854 ut
1924 1815 1993 1853 in—

127 1890 319 1929 dustriam
351 1892 391 1927 et
419 1886 601 1926 laborem
632 1886 847 1927 humanum
880 1888 947 1927 vix
978 1900 1153 1940 unquam
1185 1887 1249 1927 vel
1282 1887 1361 1926 alio
1385 1887 1530 1938 quovis
1558 1887 1651 1926 loco
1682 1885 1992 1938 praestantioris

126 1960 277 2014 aliquid
308 1960 348 1999 in
379 1970 429 1999 eo
460 1971 616 2012 genere
647 1960 869 2011 protulisse
901 1960 1044 1999 merito
1077 1959 1296 1999 dubitares.
1327 1982 1381 1987 ——

234 2032 297 2071 Ex
337 2041 418 2083 quo
458 2030 760 2084 entomologiea
799 2031 930 2071 studia
961 2031 1242 2071 Universitasss
1285 2042 1361 2069 nec
1400 2041 1481 2069 non
1512 2029 1761 2069 Academiae
1802 2027 1989 2068 Medico-

127 2103 393 2156 Chirurgicae
433 2102 640 2141 Vilnensis
687 2103 893 2143 oblivione
939 2116 986 2143 ae
1025 2102 1182 2142 desidia
1231 2106 1431 2153 prostrata
1466 2102 1677 2153 jacebant,
1723 2100 1870 2140 factum
1916 2104 1991 2148 est,

125 2181 168 2216 ut
212 2175 310 2215 nihil
354 2174 442 2214 fere
482 2173 613 2213 adhuc
658 2175 766 2215 eirea
807 2187 894 2214 rem
936 2187 1024 2214 eam
1071 2174 1121 2214 de
1159 2174 1331 2226 regione
1372 2177 1511 2213 nostra
1553 2173 1766 2223 hucusque
1798 2171 1988 2221 Europae

122 2248 221 2287 viris
253 2247 383 2286 doctis
414 2246 654 2296 innotuerit,
685 2259 762 2286 nee
791 2246 970 2286 Musaeis
1001 2246 1154 2286 exteris
1187 2245 1389 2298 quidpiam
1428 2258 1449 2284 a
1482 2243 1729 2283 nostratibus
1760 2243 1990 2283 communi-

123 2325 254 2360 catum
291 2318 425 2358 fuerit.
486 2318 666 2370 Cumque
698 2330 824 2370 opere
863 2331 910 2358 ac
950 2317 1170 2358 indefessis
1211 2318 1420 2357 laboribus
1463 2314 1817 2363 Ceclerltielmi,
1849 2314 1985 2353 Lax-

122 2391 311 2438 manni,
343 2388 580 2440 Boeben,
608 2389 841 2438 Adamsi,
878 2389 1097 2438 Pallasi,
1130 2388 1430 2444 Lepeclzinz',
1462 2388 1684 2427 recentiori
1715 2391 1848 2427 autem
1879 2390 1986 2425 tem-

122 2476 244 2516 pore,
274 2461 512 2501 Fischeri
539 2460 596 2501 (le
628 2460 930 2509 Walcllzeim,
972 2459 1277 2516 Salilbergi,
1308 2460 1590 2514 IIennl’ngi,
1631 2456 1983 2503 E'Selzsltoltzi,

124 2532 396 2581 Hummeli,
418 2531 668 2580 Pansleri,
700 2531 906 2587 Sperlii,
931 2531 1161 2580 Gebleri,
1184 2531 1411 2578 Steveni,
1434 2530 1671 2577 Besseri,
1696 2526 1982 2584 Ii'rynicltii,

124 2604 425 2653 Clzaudoiri,
457 2602 850 2652 Falclermanni,
890 2603 949 2643 (Ie
981 2603 1281 2652 Me'netrt'es,
1321 2601 1627 2648 Zoztbliovii,
1660 2597 1981 2647 Zablolzlrii,

120 2675 458 2723 Nordmanni,
489 2674 745 2730 Bilbergi,
777 2674 1114 2723 Bolzemannc',
1146 2674 1454 2722 Fleisclzerl',
1500 2670 1888 2717 Mannerlzelmi,
1922 2668 1982 2709 (Ze

121 2746 342 2795 Branclt,
396 2746 745 2793 Eversmanni,
802 2739 1033 2786 Victoris
1089 2745 1415 2792 Moczulslfiil.
1472 2739 1834 2788 Gimmertlzali,
1886 2739 1979 2779 So-

123 2818 364 2873 ‹Zosssliz'j,
404 2818 659 2870 aliorumque
697 2818 935 2867 multorum,
978 2830 1150 2870 quorum
1189 2815 1543 2868 disquisitionibus
1574 2814 1683 2852 circa
1714 2813 1868 2851 insecta
1898 2811 1980 2850 lm-

119 2892 222 2943 perii
243 2891 405 2930 Rossici
427 2891 528 2930 Acta
550 2890 766 2931 Societatis
787 2890 963 2930 Naturae
995 2894 1266 2930 scrutatorum
1291 2886 1552 2938 Mosquensis
1583 2888 1758 2933 scatent,
1788 2884 1981 2934 variaque

118 2962 208 3001 loca
236 2964 316 3014 jam
345 2962 422 3001 rite
454 2961 642 3014 indagata
673 2966 784 3011 sunt,
830 2961 1065 3001 Lithuaniae
1098 2962 1269 3001 Faunam
1302 2956 1640 3009 entomologicam
1671 2955 1821 2994 oblivio
1853 2954 1980 2993 abso-

118 3033 316 3072 lutissima
347 3038 475 3082 tenet,
507 3045 596 3072 nam
628 3034 668 3072 in
697 3033 813 3073 libris
843 3034 987 3083 etiam,
1018 3034 1087 3084 qui
1117 3036 1248 3072 aetate
1280 3034 1417 3069 nostra
1439 3029 1571 3069 lucem
1594 3027 1780 3067 viderunt
1811 3030 1852 3065 et
1882 3026 1978 3077 qui-

120 3103 210 3143 dem
243 3105 282 3143 in
313 3104 511 3157 Zoologia
542 3104 711 3157 speciali
740 3105 787 3145 D.
818 3103 1063 3152 Ec'clzwaldc‘,
1096 3108 1187 3143 ante
1219 3102 1361 3154 viginti
1391 3111 1518 3141 annos
1550 3097 1698 3151 publici
1725 3099 1829 3149 J'uris
1861 3096 1978 3144 fucta,
