2259 3506
989 158 1394 208 —140—

361 294 481 326 Netcles
507 296 694 340 capulanus
721 296 815 327 Labr.
836 301 869 327 et
885 295 967 326 lmli.
988 294 1153 327 Scliweiz.
1170 295 1234 327 ins.
1254 294 1403 327 Bandch.
1421 295 1475 327 lv.
1496 295 1621 336 (bona,
1645 293 1908 337 griseo-color.)

360 355 480 388 Neides
505 356 600 400 Amy.
620 357 693 390 Eut.
713 356 832 398 Franq.
853 354 927 388 109.
947 354 1003 388 92.

384 435 540 475 Habitat
570 436 671 475 locis
704 434 907 474 sabulosis
939 435 979 473 in
1008 435 1258 488 graminibus
1289 446 1363 487 per
1393 438 1513 474 totam
1536 434 1806 484 Lithuaniam3
1837 434 1993 474 vernali
2022 438 2129 474 tem—

274 518 372 558 pore
412 512 451 547 et
489 520 581 547 sero
622 503 810 546 autumno
852 506 1043 560 excipulo
1083 508 1252 560 capitur.
1319 506 1449 547 Tarde
1488 507 1640 546 incedit
1683 512 1723 547 et
1767 507 1887 547 volat.
1955 506 2130 547 Odorem

274 580 424 620 nullum
458 585 593 631 splrat.

386 652 542 704 Corpus
573 652 826 706 elongatum,
856 657 1000 703 tenue7
1032 653 1208 702 lineare,
1247 654 1286 692 in
1318 654 1409 693 vivo
1440 652 1775 707 rigidiusculum‚
1813 664 1944 705 nuper
1974 652 2134 692 exclusi

274 724 419 776 pallide
458 725 608 775 viride,
659 738 752 765 mox
791 726 972 779 griseum
1014 730 1080 764 aut
1119 726 1346 776 cinereum,
1394 739 1587 778 opacum,
1634 725 1936 780 glaberrimum.
2009 725 2136 777 Caput

275 802 485 837 cornutum
517 802 556 837 et
586 803 800 851 pronotum
831 799 990 837 tertiam
1021 802 1174 850 partem
1207 799 1392 850 corporis
1416 799 1668 852 longitudine
1691 810 1772 838 non
1795 802 1998 850 superant.
2043 797 2133 837 An-

274 874 417 910 tennae
448 871 700 924 longitudine
733 871 938 924 corporis3
971 871 1163 911 articulus
1197 871 1402 911 secundus
1434 872 1554 910 tertio
1586 871 1673 911 fere
1706 871 1828 924 duplo
1859 875 2009 910 tantum
2033 871 2133 910 bre—

273 944 382 993 vior,
422 948 588 996 quartus
627 945 915 993 brevissimus,
958 943 1111 984 fuscus.
1171 944 1329 984 Frontis
1370 955 1498 983 cornu
1536 948 1790 996 porrectum,
1829 956 1950 995 supra
1980 943 2135 984 labrum

273 1018 532 1068 prominens,
571 1030 592 1057 e
626 1018 780 1058 duabus
823 1017 939 1069 quasi
977 1016 1135 1057 laminis
1170 1017 1285 1069 juxta
1315 1017 1479 1068 positis,
1526 1004 1658 1068 supra
1679 1017 1803 1056 rectis
1835 1016 1976 1056 subtus
2009 1017 2136 1056 semi—

276 1089 565 1140 circularssms,
604 1090 831 1130 conflatum.
892 1091 1109 1129 Pronotum
1141 1089 1381 1141 depressum
1414 1090 1714 1139 tricarinatum,
1753 1088 1901 1128 carinis
1940 1089 2137 1142 angustis,

276 1162 428 1203 dorsali
468 1176 499 1202 s.
541 1163 670 1202 media
708 1163 1027 1214 lateralilmsque
1069 1162 1412 1216 marginantibus,
1460 1162 1522 1203 his
1560 1163 1600 1202 in
1637 1161 1891 1202 tuberculum
1928 1161 2138 1202 humerale

277 1235 568 1276 desinentibus.
647 1236 788 1288 Margo
827 1236 1047 1291 [egwinum
1085 1240 1179 1275 ante
1214 1232 1507 1285 membranam,
1536 1235 1707 1290 punctis
1744 1234 1922 1289 quinque
1958 1239 2031 1274 aut
2065 1248 2138 1274 Sex

265 1308 407 1362 J'uscis
438 1313 616 1348 notatus.
677 1308 906 1348 Membrana
947 1308 1266 1362 quinqzlenervia
1306 1307 1500 1360 diaphana
1539 1309 1578 1346 in
1619 1305 1751 1346 medio
1790 1304 2139 1361 lengz'lzcdinaliz‘er

265 1381 394 1436 flasco
416 1386 633 1436 pmzclala.
694 1381 795 1420 Alae
833 1379 924 1419 basi
960 1379 1017 1419 acl
1053 1385 1209 1419 coslam
1245 1381 1348 1420 stria
1364 1379 1508 1434 fusca.
1568 1380 1781 1420 Abdoinen
1818 1380 2138 1433 testaceo-gri—

279 1467 405 1494 seum.
458 1454 587 1493 Pedes
619 1455 739 1493 antici
773 1458 812 1493 et
843 1453 1071 1492 intermedii
1104 1453 1320 1505 aequales,
1352 1454 1497 1505 postici
1520 1453 1762 1507 longissimi.
1812 1451 1983 1491 Femora
2006 1453 2138 1492 onmia

278 1528 392 1579 apice
425 1527 598 1575 clavata,
631 1528 668 1566 in
689 1531 816 1581 parte
847 1526 1007 1565 elavata
1039 1525 1386 1578 fusco—punctam.

389 1600 622 1651 „Antennae
655 1602 940 1649 (antrorsum)
982 1598 1134 1638 fractae
1173 1611 1342 1650 quarum
1381 1598 1575 1637 articulus
1614 1598 1767 1649 primus
1807 1597 1921 1649 apice
1961 1596 2138 1636 clavatus

279 1674 375 1721 „sed
404 1685 507 1725 apex
538 1685 716 1712 summus
749 1673 877 1725 magis
910 1672 1113 1721 clavatus,
1143 1672 1270 1724 pedes
1302 1670 1515 1711 referunt’'
1548 1671 1773 1711 Linnaeus!

323 1761 444 1795 Nota.
481 1763 628 1805 Berytus
652 1762 822 1804 crassipes
849 1760 942 1792 llerr.
957 1760 1104 1794 Schaeff.
1128 1762 1159 1793 in
1179 1761 1282 1793 Panz.
1302 1760 1400 1793 Cont.
1419 1760 1523 1793 Faun.
1542 1771 1645 1803 germ.
1666 1758 1739 1793 135.
1758 1758 1789 1792 6.
1806 1771 1854 1798 a..9
1879 1758 1976 1800 hujus
2002 1758 2139 1791 modili-

479 1825 567 1856 catio
594 1824 700 1866 magis
725 1823 884 1862 robusta.
909 1823 1051 1855 videtur.

282 1931 347 1977 85.
390 1935 610 1990 Beryt·
645 1935 909 1987 clavipes
940 1935 1159 1985 (Fal)1·ic.);
1191 1935 1597 1974 ssavo-viridescens
1629 1938 1695 1973 aut
1724 1933 2140 1985 testaceo-griseum

395 2008 539 2048 frontis
572 2020 699 2048 cornu
730 2007 864 2056 brevi3
902 2013 1074 2059 pronote
1105 2009 1262 2061 postice
1293 2007 1432 2059 plano;
1471 2006 1716 2060 tegminibus
1750 2006 2141 2055 striato-nervosis:

394 2082 577 2122 antennis
620 2092 794 2133 corpore
833 2081 1115 2130 brevioribus:
1165 2080 1335 2121 articulo
1373 2085 1637 2120 antennarum
1674 2079 1803 2131 primo
1848 2079 1961 2131 apice
2001 2078 2141 2118 ultimo

396 2158 500 2204 toto,
551 2153 858 2205 femoribusque
903 2154 1016 2204 apice
1057 2153 1203 2203 fuscis,
1254 2152 1434 2193 secundo
1473 2153 1592 2192 tertio
1639 2151 1856 2192 subsexies
1894 2152 2085 2191 breviore
2101 2150 2142 2191 *.

397 2227 524 2280 Long.
556 2225 580 2268 3
602 2226 669 2265 lin.

380 2316 498 2348 Gerrz's
523 2315 672 2357 clavipes
697 2313 799 2346 Fabr.
828 2314 902 2346 Ent.
928 2314 1013 2356 Syst.
1042 2313 1095 2346 lv.
1122 2313 1195 2347 192.
1219 2314 1275 2348 20.
1324 2314 1406 2347 Fall.
1435 2314 1517 2346 Cim.
1542 2324 1589 2345 su.
1617 2311 1692 2346 118.
1713 2311 1745 2346 8.
1794 2312 1917 2346 Villers
1945 2313 2023 2346 Ent.
2050 2312 2145 2347 Linn.

421 2374 497 2409 539.
522 2374 599 2408 210.

377 2439 522 2481 Berytus
547 2438 695 2481 clavipes
720 2436 818 2468 Fabr.
838 2436 924 2477 syst.
943 2435 1074 2479 Rhyng.
1093 2435 1169 2469 265.
1188 2438 1220 2469 2.
1258 2437 1340 2470 Fall.
1359 2437 1454 2469 Hem.
1475 2448 1524 2472 su.
1543 2435 1617 2470 165.
1634 2435 1665 2469 2.
1701 2436 1863 2481 Schilling
1880 2436 1979 2469 Beitr.
1998 2436 2022 2469 Ι.
2042 2435 2094 2470 56.
2112 2435 2144 2469 2.

423 2499 589 2533 Tab.V11.
606 2498 660 2542 fig.
675 2496 705 2531 3.
720 2498 751 2530 b.
786 2498 880 2530 llahn
901 2497 1016 2530 Wanz.
1035 2498 1057 2530 Ι.
1078 2495 1151 2531 135.
1171 2498 1252 2531 Tab.
1270 2499 1356 2532 XXI.
1374 2499 1431 2542 fig.
1446 2497 1498 2531 69.
1535 2498 1647 2532 Burin.
1666 2498 1798 2531 Handb.
1817 2499 1850 2532 d.
1866 2498 1941 2531 Ent.
1958 2499 1999 2533 II.
2017 2497 2093 2532 313.
2111 2497 2143 2533 2.

422 2561 517 2594 Herr.
533 2560 675 2593 Schaeff.
694 2560 726 2592 in
748 2560 844 2592 Panz.
865 2558 961 2591 Cont.
980 2559 1084 2592 Faun.
1103 2570 1208 2603 germ.
1228 2559 1302 2593 135.
1320 2558 1350 2593 6.
1365 2560 1398 2593 b.
1429 2560 1515 2592 Boit.
1534 2571 1621 2592 man.
1642 2571 1714 2592 enc.
1732 2557 1786 2592 62.
1818 2584 1821 2587 .

377 2625 498 2657 Naides
522 2623 671 2666 clavipes
696 2622 792 2663 Amy.
811 2627 842 2654 et
859 2620 946 2653 Aud.
965 2620 1058 2654 Serv.
1078 2621 1171 2654 Hem.
1190 2620 1266 2654 234.
1284 2621 1314 2655 2.

379 2687 525 2728 Berytus
551 2685 646 2727 Amy.
664 2684 740 2717 Ent.
758 2683 878 2727 Franc.
897 2681 972 2716 109.
989 2681 1043 2715 92.

401 2764 560 2803 Habitat
588 2765 629 2802 in
651 2763 885 2803 Lithuaniae
910 2761 1187 2802 meridionalis
1219 2762 1320 2801 locis
1353 2762 1556 2802 sabulosis
1578 2762 1785 2814 sylvaticis
1808 2776 1853 2802 ac
1877 2762 2143 2815 praecedens,

294 2848 373 2890 quo
404 2836 528 2876 multo
559 2837 703 2875 rarior.

404 2909 678 2948 Praecedente
710 2909 832 2948 multo
864 2909 995 2949 minor
1025 2913 1065 2947 et
1094 2919 1184 2947 cum
1208 2906 1278 2945 illo
1300 2918 1380 2945 non
1402 2906 1519 2947 facile
1542 2906 1873 2956 confundendus,
1905 2907 2142 2958 praesertim

297 2983 329 3021 si
361 2986 620 3021 antennarum
653 2985 915 3030 structuram,
954 2986 993 3020 et
1024 2979 1280 3031 superficiem
1320 2981 1478 3031 pronoti
1510 2980 1664 3032 planam
1696 2984 1735 3018 et
1773 2980 2005 3032 aequalem,
2044 2992 2143 3019 scu-

296 3055 513 3107 tellumque
553 3054 715 3106 longius
754 3054 858 3093 linea
891 3053 1110 3092 carinulata
1142 3051 1292 3092 dorsali
1324 3064 1375 3091 ex
1406 3057 1577 3105 pronote
1609 3053 1861 3101 continuata,
1899 3057 2046 3092 attente
2078 3053 2144 3090 in-

297 3129 494 3178 spexeris.
559 3127 767 3166 Antennae
815 3125 965 3166 fractae
1011 3131 1048 3164 et
1096 3125 1221 3176 pedes
1261 3128 1302 3163 ut
1339 3126 1378 3165 in
1418 3126 1554 3177 specie
1594 3125 1877 3176 praecedente.
1937 3125 2145 3165 Antennae
