2259 3506
810 198 1175 247 —9-.

72 341 172 375 rent.
233 335 338 374 Inter
366 334 635 388 Inferio-ornes
667 333 951 385 Pyrrhocoridi
983 339 1022 373 et
1052 335 1332 387 Microphysae
1363 334 1567 374 deficiunt.
1618 335 1721 374 Usus
1753 336 1909 377 illorum

74 408 283 459 hucusque
314 408 556 460 incognitus.

182 485 219 528 ς.
241 480 278 520 7.
319 479 593 519 Antennarum
625 484 824 519 structura
854 478 1035 530 pluribus
1058 478 1438 529 modificationibus,
1470 492 1544 519 nec
1566 484 1715 519 tantum
1736 481 1775 519 in
1797 482 1912 534 ejus-

72 553 161 592 dem
183 552 368 591 Familiae
400 552 639 605 generibus,
671 552 744 591 sed
771 550 971 590 interdum
1001 551 1040 590 in
1068 551 1180 589 vario
1212 563 1313 591 sexu
1344 552 1525 604 ejusdem
1556 554 1721 606 generis
1753 566 1832 605 quo
1863 555 1910 594 ad

71 624 361 680 longitudinem
392 624 650 664 articulorum
681 635 904 674 eorumque
935 622 1295 662 conformationem
1326 627 1381 673 (v.
1405 637 1438 664 c.
1462 626 1501 664 in
1521 625 1761 680 Harpocercz
1783 626 1911 677 Curt.)

72 698 297 750 subjicitur.
368 697 486 748 Apud
518 695 763 735 Geocorizas
801 699 996 735 antennae
1038 699 1129 735 sunt
1166 701 1372 745 exsertae,
1414 699 1655 749 conspicuae
1693 700 1912 752 marginem

72 772 213 822 capitis
244 770 490 810 excedentes
523 767 632 808 5-4
648 768 904 817 articulatae,
934 768 1037 819 apud
1068 767 1365 820 Hydrocorizas
1396 769 1657 810 brevissimae
1685 771 1793 813 4-3
1811 773 1912 811 arti—

71 843 247 892 culatae,
284 843 358 882 sub
399 842 526 893 capite
566 840 847 891 abscenditae,
892 842 932 880 in
968 841 1030 881 his
1071 840 1333 881 Cicadearum
1372 841 1412 880 in
1448 841 1528 881 illis
1569 843 1913 895 Coleopterorum,

71 920 207 968 typum
234 918 430 966 repetunt.
489 913 682 953 Articulis
713 913 959 953 normalibus
990 913 1263 966 longioribus,
1293 915 1531 965 praesertim
1561 915 1664 954 inter
1695 918 1914 958 secundum

72 993 113 1028 et
142 988 322 1036 tertium,
360 987 464 1026 inter
493 986 653 1025 tertium
691 990 730 1024 et
761 991 966 1038 quartum,
1004 991 1044 1025 et
1080 987 1183 1025 inter
1213 991 1399 1038 quartum
1437 991 1476 1026 et
1506 987 1683 1038 quintum
1715 1002 1793 1029 non
1822 1003 1914 1030 raro

72 1061 297 1112 interpositi
338 1063 429 1100 sunt
459 1059 598 1098 minuti
628 1059 873 1107 accessorii,
913 1058 1019 1098 unde
1053 1059 1109 1098 Cl.
1140 1057 1463 1098 Burmeister
1498 1072 1706 1100 numerum
1743 1064 1916 1114 typicum

71 1133 175 1185 apud
205 1133 376 1172 maxime
405 1132 590 1172 excultos
623 1130 899 1187 Longlscntos
931 1132 1180 1171 octonarium
1210 1136 1338 1183 putat,
1376 1132 1565 1184 quodque
1596 1138 1635 1172 et
1664 1135 1703 1173 in
1733 1135 1822 1175 aliis
1852 1135 1917 1174 sa-

73 1205 194 1246 mitiis
225 1205 284 1255 (in
312 1203 634 1259 Pseudophlaeo
666 1203 794 1243 Genei
813 1203 946 1244 Germ.
970 1205 1099 1256 Spin.)
1131 1204 1399 1244 confirmatur.
1459 1204 1695 1246 Inseruntur
1725 1211 1917 1247 antennae

71 1290 147 1330 ope
178 1277 379 1318 tuberculi
409 1282 476 1317 aut
507 1277 580 1317 sub
611 1278 791 1330 margIne
822 1277 953 1329 clypei
991 1277 1094 1317 infra
1133 1277 1276 1316 lineam
1308 1277 1478 1318 idealem
1509 1279 1557 1318 ab
1590 1280 1718 1320 oculis
1748 1280 1797 1320 ad
1827 1281 1917 1332 api-

72 1363 160 1390 cem
191 1351 316 1390 rostri
347 1350 526 1400 ductam,
564 1353 630 1389 aut
661 1361 781 1401 supra
810 1350 912 1390 hanc
942 1350 1088 1390 lineam
1118 1354 1185 1389 aut
1213 1350 1253 1389 in
1282 1351 1367 1402 ipsa
1394 1351 1511 1391 linea.
1568 1352 1690 1392 Usum
1721 1357 1918 1393 antenna-

70 1436 159 1464 rum
189 1424 228 1463 in
259 1422 407 1462 olfactu
438 1436 490 1462 ex
521 1422 872 1462 observationibus
903 1424 1206 1474 microscopicis
1237 1423 1486 1463 confirmavit
1514 1424 1601 1464 Div.
1632 1424 1829 1465 Erichson
1856 1426 1905 1476 ¹).

762 1588 817 1635 B.
888 1585 1227 1633 Thorax,

182 1703 219 1746 ἕ.
241 1695 279 1738 8.
330 1698 490 1737 Thorax
520 1711 542 1737 c
573 1697 700 1736 tribus
730 1697 909 1748 partibus
941 1697 1158 1747 distinctis,
1188 1697 1365 1747 coalitis,
1395 1698 1611 1748 conflatuS,
1644 1711 1814 1750 quarum
1844 1711 1921 1739 an—

74 1772 200 1811 terior
237 1770 544 1822 prothorax,
598 1769 727 1808 media
763 1769 1089 1809 mesothorax
1133 1775 1173 1809 et
1216 1771 1370 1822 postica
1408 1771 1764 1811 methathorax
1802 1771 1921 1812 audit.

74 1844 247 1884 Inferior
275 1842 452 1882 thoracis
474 1854 566 1894 pars
596 1855 632 1880 v.
655 1842 843 1882 Pectus
875 1842 1133 1896 distinguitur
1163 1843 1202 1883 in
1232 1847 1613 1895 praesternum,
1644 1848 1922 1884 mesoster-

74 1930 182 1957 num
212 1920 252 1956 et
281 1928 317 1954 m
334 1919 670 1963 etasternum,
709 1927 812 1966 quae
844 1927 865 1954 a
895 1915 1135 1966 prothorace
1167 1927 1286 1967 supra
1318 1915 1494 1965 obtecta,
1523 1917 1662 1956 subtus
1692 1916 1818 1967 pedes
1849 1929 1923 1969 per

74 1991 184 2043 paria
214 1988 357 2029 affixos
388 1988 547 2027 habent.
598 1987 790 2027 Anterior
819 2000 912 2038 pars
943 1989 1167 2039 praesterni
1198 1989 1237 2027 in
1268 1988 1426 2028 dentem
1456 1993 1613 2028 acutum
1643 1990 1851 2029 terminata
1883 1990 1923 2029 in

74 2059 403 2117 Pygolczmpide,
444 2060 550 2111 apud
587 2059 802 2099 nonnullos
832 2059 1110 2115 Longisculos
1148 2061 1189 2099 in
1225 2060 1408 2100 laminam
1446 2062 1576 2100 antice
1614 2061 1782 2101 solvitur
1818 2074 1921 2114 quae

75 2139 269 2175 antennas
300 2133 374 2172 sub
405 2132 587 2184 periculo
618 2133 666 2172 ab
698 2131 937 2172 animalculo
968 2136 1186 2182 retractas,
1216 2133 1389 2187 obtegit,
1418 2134 1457 2172 in
1486 2133 1656 2186 reliquis
1677 2134 1921 2186 Heteropte-

76 2209 133 2248 ris
165 2206 264 2246 nihil
294 2204 512 2258 peculiaris
544 2205 729 2245 ostendit.
789 2205 968 2244 Parietes
998 2206 1175 2257 pectoris
1206 2206 1310 2246 inter
1339 2206 1489 2258 pedes,
1527 2210 1674 2247 coeunt
1703 2207 1743 2246 in
1774 2211 1921 2247 sutu-

79 2293 178 2320 ram
208 2293 244 2319 v.
276 2277 478 2329 raphem
517 2290 620 2330 quae
651 2277 773 2331 vulgo
812 2277 1016 2317 carinulae
1056 2278 1130 2318 sub
1166 2277 1293 2318 forma
1324 2279 1561 2330 conspicua,
1597 2280 1637 2319 in
1665 2278 1922 2319 Acanrlzoso-

78 2357 184 2392 mate
212 2351 374 2391 insolito
405 2350 523 2390 modo
553 2351 593 2390 in
624 2350 757 2390 medio
788 2351 964 2402 pectoris
1005 2350 1078 2390 sub
1117 2350 1244 2390 forma
1284 2352 1429 2391 cristae
1464 2352 1650 2391 sternalis
1680 2355 1796 2392 extus
1821 2364 1922 2404 pro-

79 2425 262 2465 truditur.
321 2423 364 2463 In
394 2421 635 2478 Tingidibus
666 2435 786 2463 secus
823 2423 1030 2463 acetabula
1068 2423 1219 2464 similes
1258 2425 1404 2464 cristae
1444 2438 1480 2465 v.
1518 2425 1706 2475 laminae,
1744 2425 1921 2465 canalem

76 2496 323 2551 pectoralem
363 2495 534 2536 formant
572 2497 612 2535 in
643 2508 722 2548 quo
762 2500 938 2535 rostrum
970 2496 1153 2548 quiescit.
1191 2521 1242 2525 —-
1287 2496 1330 2536 In
1360 2502 1525 2549 pectore
1563 2498 1707 2538 adsunt
1735 2499 1922 2549 utrinque

79 2571 158 2611 duo
190 2570 291 2610 ostia
325 2569 618 2621 spiraculorum
647 2568 936 2620 pectoralium,
967 2569 1124 2609 scilicet
1152 2582 1272 2609 unum
1299 2582 1370 2621 par
1399 2569 1448 2609 ad
1479 2570 1678 2623 singulum
1704 2571 1923 2624 marginem

79 2643 325 2683 exteriorem
355 2641 554 2681 acetabuli
583 2642 622 2681 in
652 2646 890 2693 praesterno
922 2647 961 2681 et
990 2633 1266 2691 mes‘osterno;
1297 2643 1337 2681 in
1362 2646 1604 2682 metasterno
1626 2647 1756 2682 autem
1778 2644 1922 2683 ostium

80 2715 244 2769 organis
286 2713 482 2754 odoriferi
519 2715 558 2753 in
595 2713 698 2765 plica
734 2718 987 2763 transversa;
1036 2715 1136 2755 ostia
1175 2714 1275 2754 haec
1315 2727 1445 2767 aeque
1485 2727 1532 2754 ac
1568 2715 1762 2755 ventralia
1803 2728 1924 2767 saepe

80 2793 226 2840 puncto
257 2787 374 2840 nigro
407 2787 716 2840 distinguuntur.

192 2860 460 2900 Pronotum
505 2859 712 2910 (Dorsum
749 2859 924 2900 thoracis
960 2861 1094 2909 alior.;
1130 2858 1383 2915 preclorsum
1420 2858 1592 2912 Amyot)
1638 2865 1701 2901 est
1744 2862 1928 2913 superior

84 2932 254 2973 dorsalis
284 2944 378 2985 pars
408 2933 607 2982 thoracis,
637 2932 808 2973 maxime
839 2933 999 2973 evoluta
1030 2932 1212 2985 aliasque
1244 2931 1383 2971 subtus
1414 2934 1568 2984 povitas
1599 2933 1817 2987 obtegens,
1852 2934 1924 2973 ab·-

85 3004 233 3044 domini
264 3009 304 3044 et
334 3005 506 3045 scutelle
539 3006 748 3058 contigua,
779 3004 905 3045 forma
937 3011 977 3045 et
1007 3004 1221 3057 superficie
1252 3002 1367 3043 valde
1396 3006 1518 3045 varia.
1568 3006 1611 3045 In
1641 3010 1812 3058 pronoto
1834 3006 1928 3045 vul-

174 3172 209 3214 1)
235 3172 286 3204 De
311 3172 450 3204 Fabi-ica
477 3178 509 3204 et
533 3184 593 3204 usu
620 3179 838 3206 antennarum
867 3174 896 3205 in
924 3172 1068 3204 insectis.
1108 3169 1265 3203 Berolini.
1290 3168 1346 3201 4t0
1384 3170 1480 3205 1847.
1506 3171 1557 3205 12.
1584 3176 1614 3212 ξ,
1634 3171 1683 3205 18.

1645 3233 1666 3267 2
