2259 3506
803 191 1210 242 —145—

76 337 215 376 parum
251 325 493 377 liemielytra
525 326 774 365 excedentes
814 327 1169 376 fusco—maculam
1220 329 1385 369 dorsum
1417 330 1519 382 apud
1552 330 1750 372 foeminas
1781 334 1935 376 fuscum

74 409 111 434 v.
145 396 324 436 obscure
355 397 656 449 ferrugineum,
687 397 773 436 basi
805 399 986 451 nigrum,
1019 399 1122 450 apud
1154 412 1287 439 mares
1319 402 1358 440 in
1390 401 1522 440 medio
1549 402 1779 443 rufescens.
1822 406 1936 446 Ven-

73 472 136 506 ter
174 468 424 517 flavescens,
463 469 779 516 immaculatum;
829 482 930 508 anus
969 470 1267 510 obtusissimus.
1327 472 1458 512 Pedes
1498 473 1763 524 concolores,
1808 477 1937 517 ssave-

74 544 256 588 scentes,
288 541 479 579 inermes.

183 611 390 650 Articulus
429 612 572 650 tertius
612 611 715 661 apud
753 623 886 649 mares
926 611 1088 649 omnino
1129 612 1377 663 cylindrieus
1415 627 1492 654 nec
1527 627 1649 668 supra
1680 617 1935 668 prismatieus

71 681 175 720 bene
207 694 350 721 sexum
379 694 500 721 unum
532 683 580 721 ab
612 682 739 721 altero
771 681 992 733 distinguit.

270 768 326 794 *ἦε
353 768 561 809 Arlienlns
591 767 798 807 secundus
830 773 869 807 et
897 768 1038 807 tertius
1069 773 1339 809 antennarum
1370 769 1738 814 elai-aro·clilalali.·

69 888 134 929 91.
186 888 346 932 Gon·
371 888 673 940 Junipem·
703 889 921 939 (Dalilb.);
976 890 1298 940 cinnamomeus,
1349 893 1509 942 pronoti
1562 893 1741 934 humeris
1791 897 1935 937 obtuse

182 960 380 1012 spinosis3
419 960 671 1012 hemielytris
704 961 991 1008 luteo-variis3
1037 966 1300 1001 antennarum
1331 964 1502 1003 articulo
1535 966 1715 1005 seeundo
1747 972 1787 1006 et
1816 970 1935 1008 tertio

180 1033 266 1071 basi
296 1032 513 1083 purpureis
531 1032 569 1071 ἦ
629 1032 757 1084 Long.
789 1032 842 1084 lh}
864 1032 932 1070 lin.

161 1120 352 1152 Gonoeerus
377 1119 541 1162 Juntperi
567 1118 662 1151 Dahl.
683 1118 779 1151 Herr.
794 1119 939 1151 Seliaess'.
959 1119 1077 1152 Wanz.
1095 1119 1150 1152 lv.
1167 1119 1223 1153 99.
1242 1120 1323 1153 Tah.
1341 1120 1452 1153 CXLI.
1470 1122 1523 1164 fig.
1540 1121 1615 1155 445.

181 1197 338 1235 Habitat
368 1197 407 1235 in
437 1196 616 1235 Podolia.

179 1267 454 1308 Praecedente
494 1267 581 1306 fere
621 1268 742 1320 duplo
783 1269 934 1318 minor,
977 1270 1161 1309 antennis
1201 1269 1473 1310 crassioribus
1515 1271 1643 1321 capite
1683 1275 1723 1310 et
1756 1271 1936 1313 humeris

66 1341 228 1393 pronoti
267 1338 567 1387 obtusioribus,
607 1340 656 1378 ab
696 1339 765 1378 illo
807 1340 1008 1380 diversus.
1069 1341 1192 1381 Color
1222 1342 1369 1381 insecti
1401 1342 1717 1382 cinnamomeus.
1779 1344 1936 1396 Corpus

69 1425 190 1465 supra
222 1411 392 1451 maculis
431 1410 585 1462 aliquot
622 1411 750 1463 nigris
782 1413 1020 1464 aggregatis
1056 1414 1301 1464 inspersum.
1361 1412 1641 1453 Antennarum
1673 1415 1831 1455 articuli
1864 1428 1936 1456 se—

69 1485 225 1525 cundus
264 1483 407 1522 tertius
448 1486 487 1520 et
530 1486 696 1533 quartus
736 1483 776 1521 in
816 1483 1069 1536 longitudine
1101 1484 1416 1533 decrescentes,
1456 1485 1620 1534 clavati,
1661 1486 1865 1527 secundus
1897 1494 1936 1527 et

67 1557 210 1597 tertius
252 1555 338 1594 basi
376 1554 584 1605 purpurei.
643 1554 891 1607 Hemielytra
930 1556 1019 1594 basi
1056 1555 1298 1607 praesertim
1330 1555 1376 1593 ad
1412 1550 1634 1608 marginem
1675 1559 1935 1608 exteriorem,

68 1639 208 1680 margo
237 1625 483 1674 abdominis,
513 1629 676 1674 venter,
708 1626 917 1677 pedesque
951 1628 1078 1679 magis
1111 1626 1371 1665 flavescentia
1404 1639 1522 1678 quam
1555 1629 1594 1666 in
1625 1629 1910 1679 praecedente.

113 1715 232 1748 Nota.
270 1713 323 1746 Ad
349 1712 436 1744 hanc
463 1713 649 1744 sectionem
674 1713 844 1754 pertinent
864 1714 1055 1747 Gonocerus
1074 1714 1354 1756 triquetrtcornts
1373 1713 1490 1746 Ramb.
1510 1714 1822 1757 (Triquelricornis
1839 1716 1936 1759 Amy.

265 1775 341 1807 Ent.
359 1771 652 1816 Fran9,114.98)
681 1779 712 1806 et
738 1774 864 1807 Coi-eus
890 1775 1190 1818 compressicornis
1216 1774 1304 1806 Latr.
1327 1774 1359 1805 in
1378 1773 1464 1806 Boit.
1485 1774 1571 1807 Man.
1591 1787 1664 1808 ene.
1682 1776 1744 1817 57,
1770 1778 1825 1820 qui
1850 1779 1937 1810 inter

265 1847 302 1868 se
327 1835 486 1877 specifice
511 1845 579 1867 non
606 1835 786 1876 differunt,
813 1840 844 1867 et
869 1847 887 1867 a
912 1836 1195 1879 G0n.Junipe1-t‚
1223 1835 1343 1877 majori
1361 1836 1591 1879 magnitudine
1609 1837 1704 1880 (circ.
1723 1836 1936 1882 61in longi)

267 1896 443 1929 recedunt.

70 2055 194 2102 Gen.
230 2051 378 2100 XXI.
449 2050 735 2099 COREUS
767 2057 884 2097 Fabr.
909 2057 1015 2109 Syst.
1038 2057 1197 2111 Rhyng.
1223 2056 1314 2099 191.
1337 2054 1404 2097 32.
1449 2056 1583 2098 Burin.
1607 2058 1761 2099 Handb.
1786 2060 1822 2100 d.
1845 2060 1934 2100 Ent.

888 2132 933 2171 ll.
958 2131 1052 2174 309.
1078 2134 1117 2173 5.

71 2241 187 2281 Char.
220 2245 295 2280 art.
355 2240 481 2291 Caput
512 2237 1018 2292 triangulari-oblongum.
1079 2238 1290 2278 Antennae
1322 2237 1744 2290 piloso-spinulosae:
1789 2241 1934 2280 tuber—

271 2311 360 2351 cula
390 2311 618 2350 antennalia
649 2311 688 2349 in
722 2310 874 2361 spinam
912 2310 1021 2348 eirca
1053 2309 1169 2349 basin
1199 2309 1357 2349 articuli
1388 2309 1504 2360 primi
1536 2315 1714 2350 exserta.
1774 2312 1933 2351 Prono-

269 2388 350 2423 tum
381 2382 654 2433 trapezoidale
681 2381 904 2420 lateraliter
936 2381 1235 2420 denticulatum.
1297 2379 1517 2420 Scutellum
1549 2393 1714 2432 parvum
1746 2383 1934 2436 triangu—

269 2455 368 2494 lare.
419 2454 666 2505 Hernielytra
697 2453 911 2492 abdomine
943 2454 1179 2506 angustiora
1206 2453 1502 2503 brevioraque:
1534 2453 1767 2492 membrana
1790 2455 1934 2505 pauci—

270 2527 423 2566 nervia.
472 2526 642 2565 Femora
672 2526 900 2576 posteriora
933 2536 1094 2575 semper
1126 2524 1199 2563 sub
1231 2524 1345 2575 apice
1368 2523 1494 2574 spinis
1517 2527 1679 2562 armata.
1703 2546 1755 2552 —
1779 2523 1935 2575 Corpus

270 2599 458 2650 pilosum.

187 2685 304 2726 Char.
335 2691 417 2725 nat.
478 2685 605 2737 Caput
643 2683 1172 2736 triangulari—oblongum,
1217 2682 1348 2720 antlee
1385 2679 1648 2719 subtrilobmn
1686 2681 1725 2719 in
1750 2681 1936 2734 frontem

74 2758 262 2797 obtusum
284 2758 417 2797 medio
440 2755 692 2810 apicularum
714 2754 967 2806 productum.
1015 2754 1131 2793 Oculi
1155 2753 1286 2805 parvi,
1318 2752 1500 2804 globosi,
1531 2752 1759 2802 prominuli.
1805 2752 1936 2792 Ocelli

75 2829 154 2869 duo
186 2830 226 2868 in
257 2829 391 2868 medio
423 2828 621 2879 occipitis.
681 2826 894 2865 Antennae
924 2825 1177 2878 longitudine
1208 2821 1364 2861 dimidii
1390 2823 1575 2875 corporis
1605 2823 1645 2861 in
1675 2824 1768 2862 sinn
1801 2822 1934 2863 tuber-

75 2898 157 2939 euli
184 2899 320 2955 clypei
346 2898 526 2939 lateralis
558 2898 676 2951 apice
707 2897 746 2936 in
780 2895 937 2936 (lentem
957 2895 1145 2949 porrecti
1171 2895 1367 2941 insertae,
1398 2892 1704 2933 4-articulatae.
1763 2894 1933 2933 Articu-

75 2970 139 3009 lus
164 2971 325 3023 primus
357 2972 489 3025 eapite
518 2969 702 3023 longior,
744 2968 874 3021 Spinis
906 2965 1101 3006 obsessus
1133 2975 1319 3013 crassus,
1357 2963 1612 3017 longitudine
1641 2963 1829 3014 secundi,
1863 2977 1935 3005 se-

79 3041 235 3081 cundus
267 3043 419 3080 tertio
451 3041 616 3096 longior
646 3043 713 3078 aut
744 3039 833 3090 ejus
862 3035 1152 3092 longitudinis,
1190 3035 1305 3074 ambo
1345 3033 1577 3089 qylindrici,
1614 3041 1786 3089 quartus
1816 3038 1935 3076 tertio

76 3113 262 3163 brevior,
284 3110 788 3160 incrassato-fusisormis,
809 3120 950 3149 omnes
962 3106 1114 3161 pilosi,
1138 3107 1346 3158 spinisque
1367 3106 1555 3146 tenuibus
1578 3107 1711 3146 obsiti.
1748 3107 1935 3147 Rostrum

1634 3177 1674 3210 19
