2259 3506
641 727 689 779 li.
732 727 780 778 S.

225 895 388 966 ΓΓὶιηῐίε
421 931 581 979 tamque
614 929 747 968 multis
778 929 887 968 circa
918 928 1184 981 Heteroptera
1215 942 1236 969 a
1268 929 1374 970 Viris
1406 929 1536 970 doctis
1566 931 1684 972 editis
1723 932 1861 985 libris,
1898 935 1959 974 ir-

111 1000 228 1038 ritum
252 998 371 1039 alicui
392 999 520 1039 videri
542 1005 698 1051 posset,
730 1002 820 1040 trita
837 1002 919 1054 jam
941 1006 981 1041 et
1002 1002 1208 1042 decantata
1236 1002 1380 1042 iterum
1402 1007 1672 1054 pertractare,
1705 1017 1751 1044 ac
1774 1011 1958 1047 noctuam

111 1070 316 1121 Athenas,
347 1076 389 1111 ut
419 1073 549 1124 ajunt,
579 1072 830 1113 inferendam
862 1086 1020 1114 curare.

223 1143 276 1182 At
305 1144 338 1183 si
368 1144 656 1197 perpenderis,
686 1145 728 1185 L.
751 1145 815 1196 Β.,
846 1146 980 1186 varios
1012 1147 1121 1187 eirca
1142 1147 1407 1199 Heteroptera
1436 1147 1598 1188 labores
1628 1149 1667 1189 in
1690 1149 1959 1202 ephemeridis

116 1215 337 1268 diariisque
376 1217 596 1258 innumeris
638 1218 803 1258 dissitos
843 1218 992 1268 latere,
1027 1231 1103 1258 nec
1133 1220 1353 1273 unicuique
1384 1219 1493 1261 aditu
1524 1220 1665 1262 faciles
1696 1234 1812 1273 esse,
1848 1236 1961 1263 rem-

115 1301 194 1342 que
234 1289 366 1341 quoad
407 1291 588 1330 exoticas
630 1291 790 1342 species
831 1290 944 1332 libris
985 1303 1279 1343 saepenumero
1317 1305 1487 1346 magnae
1524 1294 1641 1334 molis
1681 1295 1961 1348 sumtibusque

112 1362 320 1415 indigere,
360 1362 399 1401 in
430 1362 669 1403 definiendis
701 1368 832 1404 autem
863 1364 1064 1418 indigenis
1096 1365 1237 1405 eadem
1270 1364 1357 1405 fere
1389 1365 1623 1407 difficultate
1652 1369 1800 1419 premi,
1841 1382 1961 1421 quum

114 1435 253 1488 exigui
284 1435 494 1485 momenti,
536 1448 616 1489 quo
648 1436 861 1488 habentur,
905 1448 1027 1477 causa
1057 1437 1156 1477 nulli
1189 1437 1276 1478 fere
1309 1439 1408 1489 sint,
1447 1439 1516 1491 qui
1546 1439 1595 1479 ad
1626 1439 1767 1480 eadem
1798 1441 1961 1482 descri—

114 1507 244 1547 benda
275 1507 595 1560 delineandaque
626 1510 799 1549 animum
831 1513 1086 1550 convertant:
1133 1523 1181 1550 ea
1212 1511 1400 1563 opinione
1431 1510 1579 1562 fretus,
1611 1523 1760 1564 operae
1790 1515 1961 1565 pretium

115 1580 231 1629 duxi,
271 1584 468 1633 quotquot
505 1580 598 1620 mihi
628 1582 694 1621 vel
730 1595 782 1622 ex
813 1582 1006 1622 librorum
1047 1582 1096 1622 de
1127 1583 1300 1624 Rossiae
1339 1596 1414 1624 nec
1453 1596 1533 1623 non
1564 1585 1753 1626 Poloniae
1784 1586 1961 1628 Hetere-

114 1653 240 1705 pteris
281 1653 546 1693 relationibus
584 1653 650 1693 vel
681 1654 1053 1705 observationibus,
1092 1668 1113 1695 a
1151 1668 1215 1695 me
1252 1657 1340 1708 ipso
1378 1656 1592 1707 institutiS,
1631 1657 1696 1697 vel
1733 1663 1961 1699 ceterorum

116 1725 367 1765 familiarium
399 1726 493 1765 mihi
523 1727 717 1778 perieulis
747 1728 982 1779 innotuere,
1019 1728 1110 1768 usui
1141 1728 1225 1768 Tuo
1256 1741 1303 1768 ac
1334 1728 1604 1769 emolumento
1636 1730 1675 1769 in
1705 1743 1826 1771 unum
1858 1744 1962 1772 con-

117 1799 247 1849 ferre,
286 1799 338 1838 ita
365 1802 409 1838 ut
439 1799 508 1849 sit,
549 1799 658 1852 quod
689 1812 844 1840 mecum
875 1804 1079 1852 reputem,
1116 1801 1171 1840 Tc
1203 1806 1372 1841 conatus
1407 1812 1521 1842 meos
1550 1802 1590 1842 in
1621 1801 1695 1842 hac
1725 1816 1771 1844 re
1802 1817 1962 1857 nequa-

117 1884 235 1924 quam
266 1870 424 1911 infenso
456 1872 586 1912 animo
617 1872 682 1912 vel
714 1873 898 1913 convicio
930 1873 1194 1913 salutaturum
1226 1885 1333 1914 esse.
1366 1897 1417 1903 -—

226 1943 360 1994 Ratio,
401 1957 519 1996 quam
562 1945 601 1984 in
639 1944 763 1986 hacce
793 1945 1153 1998 Heteropteroruin
1184 1946 1473 2000 Monographia
1514 1948 1694 2000 inprimis
1733 1949 1877 2001 institi,
1916 1963 1961 1990 ea

116 2021 199 2066 est,
229 2020 290 2065 ut,
321 2017 496 2068 praeviis
527 2018 757 2058 notionibus
789 2018 839 2058 de
869 2018 944 2058 hac
975 2017 1122 2057 familia
1158 2019 1371 2069 exhibitis,
1402 2032 1555 2072 genera
1585 2020 1767 2073 ejusdem
1804 2023 1843 2062 in
1866 2035 1964 2075 spe-

116 2091 222 2140 cies,
263 2089 410 2142 quibus
442 2094 646 2141 constant,
684 2091 890 2141 tribuens,
932 2090 1200 2131 dichotomica
1229 2092 1386 2132 ratione
1416 2092 1485 2132 tali
1524 2093 1642 2133 modo
1682 2093 1883 2146 disposui,
1922 2101 1964 2136 ut

116 2175 169 2203 ex
199 2174 463 2215 organorum,
494 2174 596 2214 quae
627 2161 785 2202 facilius
815 2162 1029 2213 rimantur,
1060 2175 1198 2204 norma
1230 2165 1451 2217 unicuique
1483 2176 1532 2204 eo
1564 2166 1713 2207 clarius
1744 2172 1864 2220 atquc
1894 2169 1962 2209 lu-

117 2234 248 2274 cidius
279 2235 320 2273 in
349 2239 608 2286 conspectum
638 2235 812 2276 veniant.

231 2306 347 2354 Quod
378 2307 536 2347 nomina
568 2307 728 2358 attinet,
767 2307 914 2359 quibus
944 2320 1075 2362 genus
1107 2307 1308 2361 quoddam
1338 2310 1414 2350 rite
1445 2310 1648 2351 delinitum
1679 2310 1805 2362 foret,
1834 2312 1874 2351 in
1903 2313 1964 2353 his

120 2391 346 2432 nequaqam
377 2380 548 2433 vestigia
578 2380 711 2432 pressi
741 2381 1012 2422 recentiorum
1041 2381 1291 2434 quorundam
1314 2395 1336 2422 e
1358 2382 1546 2424 hebraica
1568 2385 1799 2437 ceterisque
1821 2386 1964 2424 orien-

115 2453 261 2493 talibus
291 2451 356 2491 vel
386 2452 560 2492 asiaticis
589 2453 772 2493 dialectis
802 2457 997 2493 mutuatas
1028 2453 1221 2496 barbaras
1251 2467 1375 2496 voces
1406 2458 1648 2508 petentium,
1682 2469 1785 2509 quae
1807 2458 1870 2497 vel
1901 2459 1961 2497 rei

116 2530 205 2577 apte
235 2524 487 2565 definiendae
517 2525 582 2564 vel
612 2526 704 2566 usui
733 2526 782 2566 ad
813 2526 1020 2567 doctrinae
1050 2527 1177 2579 ipsius
1207 2529 1371 2582 genium
1401 2529 1560 2569 minime
1592 2533 1862 2570 consentanea
1894 2531 1961 2569 vi-

118 2599 276 2639 dentur.
334 2597 476 2650 Neque
512 2598 732 2651 generibus
770 2599 1079 2652 multiplicandis
1117 2613 1140 2640 e
1179 2600 1456 2642 characterum
1494 2603 1648 2642 ineerta
1686 2606 1725 2640 et
1761 2601 1962 2642 vacillanti

118 2672 273 2712 ratione
303 2671 545 2722 patrocinari
575 2671 704 2711 visum
735 2672 829 2712 mihi
860 2677 940 2724 est,
970 2673 1049 2713 imo
1071 2686 1281 2714 numerum
1312 2686 1477 2725 eorum,
1508 2678 1696 2726 quantum
1728 2674 1767 2713 id
1800 2674 1960 2727 quidem

119 2744 207 2784 fieri
248 2743 398 2796 potuit,
443 2745 575 2796 potius
613 2745 869 2794 imminuere,
914 2758 1031 2797 quam
1071 2759 1222 2801 augere
1267 2748 1418 2788 curavi.
1483 2746 1791 2786 Neotericorum
1831 2751 1961 2788 tamen

119 2828 315 2871 generum
348 2817 506 2857 nomina
536 2830 682 2858 recens
714 2817 816 2858 facta
857 2819 1126 2859 contentionis
1164 2820 1294 2872 gratia
1324 2822 1460 2870 (nemo
1492 2819 1596 2858 enim
1628 2822 1709 2869 est,
1748 2819 1811 2859 cui
1849 2820 1960 2860 hisce

120 2890 322 2929 incassum
353 2891 584 2931 memoriam
615 2890 732 2931 obrui
762 2903 883 2932 curae
914 2889 1038 2943 foret)
1068 2892 1272 2932 veteribus
1309 2891 1388 2931 illis
1428 2891 1617 2944 subjunxi
1646 2891 1711 2931 vel
1742 2891 1790 2932 ad
1823 2892 1959 2945 Syno-

120 2974 237 3014 nyma
266 2962 398 3002 retuli.

232 3034 359 3081 Quum
391 3039 520 3075 autem
551 3040 704 3075 certum
736 3041 775 3076 et
804 3048 1043 3089 persuasum
1075 3036 1168 3076 mihi
1198 3038 1270 3086 sit,
1301 3048 1495 3090 generum
1530 3036 1848 3087 subdivisioneS,
1879 3049 1959 3090 ge—

124 3117 303 3157 neraque
331 3107 415 3157 ipsa
447 3107 630 3148 distincta
660 3120 910 3162 nequaquam
941 3121 1025 3150 rem
1048 3121 1164 3150 unam
1186 3109 1439 3162 eandemque
1470 3109 1656 3160 efficere,
1687 3109 1804 3150 immo
1836 3122 1957 3162 quum

1678 3182 1692 3215 1
