2259 3506
1054 205 1125 208 ----
1205 174 1307 224 :wo
1387 205 1457 209 —

331 321 389 359 vis
422 320 544 359 sortir
574 318 730 357 l'annee
771 315 952 354 suivante
987 311 1092 352 1844
1124 312 1299 363 l’espece
1333 312 1485 364 tiguree
1524 313 1697 352 Planelie
1721 312 1784 352 lll.
1817 314 1962 365 Figure
1985 311 2009 352 3
2039 311 2096 361 ¹),
2137 311 2184 349 de

331 392 458 432 celles
488 391 538 430 de
572 389 677 432 ‘1844
711 386 780 438 j'ai
821 385 969 425 obtenu
1009 397 1056 424 en
1094 382 1196 426 1845
1229 397 1308 424 une
1341 390 1453 425 autre
1484 387 1632 437 espeee
1659 386 1720 435 ²),
1762 386 2024 436 representee
2057 385 2139 436 Fig,
2161 384 2187 423 ll

421 580 454 622 1)
485 578 639 621 Tryphon
665 575 904 619 statuebat-952*
930 575 1034 618 Long.
1059 573 1186 619 22—‘3
1212 575 1267 607 lin.
1294 570 1332 616 ΟΞῖ
1360 581 1391 607 et
1419 572 1459 614 Ω

463 634 587 668 Areola
614 633 848 677 triangularis,
875 643 995 675 parva,
1020 642 1088 663 uon
1115 631 1284 674 petiolata.
1337 632 1512 664 Abdomen
1540 630 1754 673 petiolatum,
1781 631 1991 674 longitudine
2016 630 2132 672 capitis
2159 633 2190 659 ct

461 691 619 723 thoracis.
668 690 816 721 Aculeus
848 690 1059 733 longitudine
1091 687 1110 711 Α
1130 707 1166 712 --
1187 688 1228 730 -ῑξ
1254 688 1451 721 abdominis.
1517 687 1724 720 Metatliorax
1765 689 1948 730 conspicue
1989 685 2191 723 scutulatus,

1095 715 1106 730 8

463 747 600 780 scutulis
618 746 796 790 rugulosis.
823 746 955 779 Thorax
973 745 1194 789 punctulatus.
1231 744 1350 776 Vertex
1369 745 1456 776 haud
1476 745 1572 776 latus.
1604 744 1780 776 Antennae
1801 745 1951 786 corporis
1969 743 2189 786 longitudine.

328 806 461 838 Thorax
487 809 519 836 et
544 808 643 846 caput
667 804 773 846 nigra.
824 802 965 835 Labruni
993 808 1024 834 et
1049 800 1265 833 mandibulae
1292 802 1409 840 maris,
1440 812 1500 833 nec
1526 812 1594 833 non
1621 802 1722 833 striae
1746 800 1992 833 intraorbitales
2027 805 2058 831 et
2083 802 2189 831 inter-

328 863 404 894 dum
434 859 585 893 maculae
611 860 698 892 duae
723 857 878 900 faciales,
912 859 1027 891 flavae.
1076 857 1254 889 Antennae
1280 857 1464 898 obscurae,
1495 859 1610 890 subtus
1636 858 1858 897 rufescentes,
1884 858 1982 889 maris
2007 855 2191 894 dilutiores,

329 930 427 963 quam
461 917 648 957 foeminae,
688 917 745 948 sed
782 916 910 948 articuli
941 914 1041 947 2-3
1074 915 1170 957 primi
1204 924 1337 956 semper
1362 914 1456 956 nigri.
1511 913 1647 945 Alarum
1681 915 1813 946 radices
1846 920 1876 946 et
1908 912 2042 957 tegulae
2074 912 2190 944 flavae.

328 975 411 1008 Alae
444 973 613 1017 paululum
647 973 845 1005 infuscatae.
910 973 1034 1015 Stigma
1069 971 1260 1003 obscurum.
1309 969 1487 1002 Abdomen
1521 971 1643 1010 rufum,
1669 977 1842 1014 segmento
1869 972 1975 1013 primo
2010 975 2042 1001 et
2071 968 2192 1000 ultimis

328 1032 461 1064 duobus
486 1031 601 1074 nigris·
650 1030 758 1062 Pedes
783 1029 864 1068 rufi,
901 1028 1170 1061 troclianteribus
1197 1027 1494 1069 apopliysibusque
1520 1028 1687 1067 oninium,
1718 1038 1781 1059 nee
1807 1038 1874 1059 non
1902 1027 2054 1060 tibiarum
2084 1026 2191 1068 apici-

328 1090 389 1122 bus
417 1095 448 1121 et
472 1088 568 1120 tarsis
593 1086 696 1119 ultimi
721 1087 810 1129 paris
836 1087 949 1129 nigris.

422 1145 475 1177 Gr
487 1144 740 1176 avenam-sci
766 1140 1131 1185 (Iclineumonologiae
1157 1140 1365 1183 enropaeae)
1391 1140 1500 1172 Sectio
1520 1140 1574 1172 IV.
1601 1139 1749 1183 (Volunt.
1766 1139 1840 1181 lli)7
1883 1141 1933 1172 cui
1968 1139 2191 1172 adscribenda

329 1208 441 1234 nostra
468 1202 619 1244 specics,
651 1199 810 1242 quasdam
846 1198 989 1240 praebet
1022 1197 1287 1239 descriptiones,
1321 1197 1517 1229 affinitatem
1551 1207 1624 1228 cum
1652 1198 1775 1228 nostris
1801 1202 2005 1236 annuentes,
2047 1201 2191 1229 attamen

329 1258 419 1291 nulla
441 1268 579 1301 prorsus
605 1256 757 1299 quadrat.
806 1253 998 1286 Nonnullae
1022 1254 1154 1296 species
1179 1265 1208 1285 v.
1236 1265 1263 1284 c.
1290 1254 1525 1296 erythrea-erus
1551 1254 1587 1294 (1.
1607 1265 1634 1286 c.
1660 1251 1773 1295 230),
1797 1254 1983 1296 cephaloles
2010 1254 2069 1294 (ib.
2087 1250 2192 1293 246),

327 1314 514 1358 pastoralis
540 1311 730 1355 (ssidis),
757 1312 970 1343 brmnnfieans
997 1310 1056 1353 (ib.
1073 1308 1186 1352 270),
1213 1310 1471 1342 brmrm'rentris
1499 1309 1685 1352 (i1›.·281.),
1710 1311 1879 1342 e'meolutor
1905 1310 1963 1352 (ib.
1989 1307 2101 1348 290),
2128 1319 2191 1339 co·-

327 1372 455 1404 loribus
481 1370 613 1414 quidem
642 1368 800 1411 gaudent,
826 1367 933 1399 forma
963 1372 994 1399 et
1019 1367 1247 1410 magnitudine
1273 1367 1381 1407 simili,
1407 1374 1440 1400 ut
1466 1367 1669 1409 exemplaria
1695 1368 1839 1400 auctoris
1868 1368 1970 1409 ipsius
1995 1367 2026 1397 in
2055 1366 2192 1397 Musaeo

329 1427 503 1461 clarissimi
530 1426 736 1458 Professoris
762 1423 1017 1466 Ιίαιπῖηινῃἦ
1043 1422 1229 1455 Neostadtii
1257 1429 1439 1463 asservata,
1464 1435 1526 1455 uos
1553 1425 1695 1456 docent:
1727 1430 1759 1456 at
1786 1425 1915 1456 ratione.
1941 1422 2078 1454 areolae
2103 1422 2192 1454 defi-

328 1484 465 1523 cientiS,
489 1483 622 1514 verticis
648 1481 724 1521 lati,
750 1481 939 1513 abdominis
965 1479 1180 1522 subpetiolati
1207 1486 1262 1512 aut
1287 1479 1461 1512 subsessili
1487 1481 1716 1513 removendae
1741 1486 1827 1512 sunt.
1870 1479 2025 1522 Tryphon
2042 1479 2193 1510 vernalis

328 1541 364 1584 (l.
392 1551 420 1572 c.
445 1536 557 1581 294),
591 1539 772 1571 abdomine
795 1536 958 1581 petiolato
992 1536 1181 1579 praeditus,
1208 1536 1375 1569 flavedine
1408 1538 1525 1579 capitis
1558 1538 1657 1569 maris
1690 1542 1799 1573 caret,
1830 1536 1935 1579 pedes
1967 1535 2068 1567 babet
2098 1535 2193 1567 aliter

327 1598 435 1641 pictos
464 1600 524 1627 etc.

419 1651 507 1684 Nihil
534 1652 656 1683 certius
683 1651 722 1683 ad
750 1651 975 1682 deliniendam
1003 1652 1149 1692 speciem
1176 1650 1379 1693 peculiarem
1399 1651 1550 1683 adhiberi
1570 1656 1700 1693 potest,
1723 1660 1821 1692 quam
1845 1649 2032 1681 abdominis
2051 1649 2194 1691 potiolus

329 1710 545 1753 perspicuuS,
572 1710 626 1750 qui
652 1719 719 1739 una
745 1718 818 1739 cum
846 1707 979 1739 terebra
1005 1706 1177 1749 paululum
1212 1712 1341 1739 exserta
1376 1714 1526 1739 nostrum
1552 1707 1815 1739 lelineumonem
1843 1706 1881 1737 ad
1913 1706 2055 1750 Cryplos
2081 1713 2192 1740 trans-

330 1769 417 1799 ferre
442 1766 564 1808 possit,
598 1765 660 1797 nisi
687 1763 823 1796 areolae
850 1765 990 1806 exiguae
1016 1763 1123 1794 forma
1157 1768 1189 1794 et
1220 1764 1471 1805 quodammodo
1500 1765 1631 1796 habitus
1669 1764 1822 1805 corporis
1857 1764 1958 1795 totius
1999 1765 2089 1795 omni
2116 1764 2194 1805 jure

330 1835 404 1856 eum
431 1824 518 1855 inter
546 1821 735 1864 Tryphonos
762 1819 933 1852 collocare
959 1820 1110 1851 suaserit.
1155 1819 1218 1858 Qui
1244 1819 1339 1852 locus
1365 1820 1599 1861 systematicus
1624 1819 1732 1852 adbuc
1751 1819 1969 1851 confirmatur
1989 1820 2194 1853 habitatione

329 1884 414 1914 intra
441 1881 551 1913 larvas
580 1877 835 1917 Tenthredinis‚
879 1876 948 1908 sere
978 1886 1112 1918 semper
1142 1876 1333 1919 Tryphonos
1359 1876 1555 1908 allicientes.
1613 1876 1733 1918 Crypti
1757 1876 1864 1907 rarius
1890 1875 1943 1906 liic
1968 1878 2193 1915 inveniuntur,

329 1939 390 1971 nisi
416 1938 590 1981 Lophyros
616 1933 778 1977 quosdam
806 1934 977 1975 respicias,
1004 1932 1117 1975 Crypti
1142 1933 1273 1974 species
1298 1932 1479 1964 nonnullas
1504 1933 1666 1965 foventes.

419 2015 456 2059 2)
483 2015 523 2047 Je
549 2025 601 2046 mc
626 2013 694 2045 suis
718 2013 777 2044 fait
803 2022 846 2043 uu
873 2012 992 2044 devoir
1017 2012 1058 2043 de
1084 2012 1340 2054 conmmniquer
1365 2017 1452 2043 cette
1478 2014 1601 2054 esp‘ece
1626 2011 1644 2042 a
1670 2021 1747 2042 mon
1775 2010 1838 2043 ami
1864 2010 1921 2043 ΜΓ.
1947 2010 1978 2042 le
1996 2011 2195 2046 Professcur

334 2071 596 2113 Ratzebur9‚
625 2071 679 2113 qui
706 2080 722 2102 a
750 2080 791 2101 cu
816 2068 847 2101 la
874 2066 1125 2111 complaisance
1153 2069 1194 2101 de
1221 2080 1274 2101 mc
1300 2069 1372 2101 dire
1391 2069 1475 2100 dans
1494 2079 1528 2099 sa
1548 2066 1644 2099 lettre
1659 2065 1728 2109 (28.
1746 2067 1843 2099 Fevr.
1863 2066 1965 2110 1848)
1984 2080 2023 2100 ce
2041 2071 2095 2112 qui
2114 2072 2193 2103 suit:

422 2128 710 2169 „Iclineumones,
743 2136 827 2169 quos
860 2124 938 2157 milii
965 2125 1141 2167 tradidisti,
1169 2125 1310 2168 Collega
1336 2123 1548 2169 spectabilis,
1575 2125 1717 2157 examini
1743 2125 1941 2168 rigorosiori
1968 2126 2114 2167 subjeci3
2152 2128 2195 2160 dc

334 2185 410 2225 „illa
435 2185 562 2227 specie,
586 2194 672 2226 quae
700 2194 718 2215 a
749 2181 1136 2224 Wayensclttehero
1162 2183 1193 2214 in
1220 2181 1346 2214 Tabula
1365 2181 1421 2214 ΙΙΙ.
1447 2181 1508 2212 sub
1535 2180 1656 2223 Figura
1676 2179 1706 2213 4.
1725 2180 1906 2221 delineata,
1935 2188 2110 2216 tractatum
2137 2186 2193 2217 fu-

334 2243 422 2281 „sius
449 2240 656 2272 elaboratum
683 2240 714 2271 in
742 2238 958 2281 sequentibus
985 2237 1124 2282 pagellis
1150 2238 1394 2281 subjtuigani.“

426 2297 580 2340 Tryphon
609 2295 744 2327 Gor-slat
768 2296 796 2327 Ιῖ
809 2295 1036 2338 αἰεοῦπνῃς
1062 2294 1167 2338 Long.
1192 2292 1335 2337 2ὲ-2ξ
1362 2293 1417 2326 lin.

425 2353 584 2396 „Species
616 2352 713 2385 valde
744 2353 914 2392 intricata,
948 2352 1143 2384 intermedia
1170 2352 1256 2383 inter
1282 2351 1501 2391 Mesochoros,
1538 2351 1727 2394 Tryphonos
1755 2356 1787 2382 et
1822 2350 2077 2395 Campopleqes,
2109 2365 2194 2397 quae

335 2420 482 2455 „genera
508 2419 669 2452 perquam
705 2418 778 2440 esse
811 2414 957 2451 cognata
980 2408 1050 2449 jam
1085 2409 1161 2441 olim
1197 2409 1335 2451 exposui
1369 2409 1401 2440 in
1437 2418 1559 2450 opere:
1600 2407 1922 2439 lclineumonen
1950 2408 2025 2440 der
2049 2408 2191 2442 Forst-

335 2465 560 2508 „insekten
580 2471 642 2497 etc.
669 2464 817 2497 Berolini
840 2462 935 2496 1844.
976 2463 1026 2495 Ad
1044 2464 1252 2497 Mesochoros
1270 2465 1448 2497 referenda
1469 2465 1511 2497 ob
1532 2463 1684 2496 colorum
1703 2464 1969 2497 distributionem
1990 2465 2191 2507 peculiarem

335 2530 456 2567 „atque
488 2522 636 2555 habitum
670 2526 923 2565 congruentem.
996 2520 1077 2552 Cum
1113 2521 1305 2553 Mesochoro
1335 2521 1548 2565 splendidulo
1583 2520 1793 2553 Gravenh.
1826 2520 2005 2553 similitudo
2046 2528 2096 2554 est
2127 2529 2191 2555 tani

336 2591 498 2624 „niagna,
538 2585 573 2612 ut
606 2580 712 2622 primo
746 2579 865 2610 intuitu
891 2578 944 2610 vix
970 2578 1163 2609 discernere
1188 2578 1318 2619 possis,
1358 2579 1421 2610 nisi
1449 2579 1636 2621 Tryphonis
1660 2576 1832 2621 paululum
1856 2579 2034 2609 coactioris
2060 2579 2194 2612 colores

336 2638 462 2680 „magis
487 2638 518 2668 in
545 2636 700 2676 rubrum,
725 2646 823 2679 quam
852 2636 883 2667 in
910 2635 1034 2667 luteum
1061 2639 1251 2677 vergerent.
1324 2634 1533 2667 Accuratiori
1561 2635 1703 2667 examini
1729 2634 1913 2675 subjectum
1941 2640 2089 2667 nostrum
2117 2638 2192 2668 ani-

336 2693 535 2735 „malculum
563 2694 662 2726 etiam
689 2691 837 2724 areolam
865 2690 1034 2734 paululum
1061 2691 1227 2723 diversam
1253 2691 1411 2732 praebet,
1437 2692 1599 2723 minorem
1626 2690 1771 2730 scilicet,
1796 2701 1893 2733 quam
1919 2691 1950 2722 in
1977 2691 2193 2725 Mesochoris.

336 2751 535 2794 „Sculptura
562 2756 611 2782 est
635 2748 717 2788 alia,
742 2747 860 2780 thorax
885 2758 954 2780 non
980 2748 1101 2785 laevis,
1127 2746 1185 2778 sed
1215 2747 1387 2779 evidenter
1412 2753 1607 2790 punctatus,
1633 2746 1869 2779 metathoracis
1888 2752 2058 2779 scutorum
2078 2759 2191 2781 asser-

336 2808 431 2850 „cula
456 2808 563 2851 magis
588 2806 792 2849 prominent.
805 2807 821 2823 “

425 2863 546 2904 „Quod
572 2868 682 2895 autem
717 2862 863 2904 speeiem
890 2861 977 2894 banc
1003 2872 1020 2893 a
1046 2860 1250 2892 Mesocleorts
1283 2861 1425 2893 maxime
1449 2866 1611 2901 removet,
1641 2865 1692 2892 est
1716 2859 1867 2891 defectus
1894 2861 2193 2902 appendiculorum

336 2920 521 2961 „analium,
546 2930 630 2963 quos
656 2928 788 2960 semper
812 2918 845 2949 in
871 2917 1016 2949 maribus
1042 2916 1139 2957 hujus
1165 2917 1297 2960 generis
1321 2918 1440 2959 reperi.
1455 2919 1472 2936 ‘⁴

426 2977 579 3017 „Maximi
605 2976 765 3007 momenti
791 2975 936 3017 denique
961 2979 1010 3006 est
1031 2975 1116 3005 ratio
1138 2974 1236 3013 vitae,
1262 2984 1347 3016 quae
1375 2985 1392 3005 a
1418 2973 1474 3013 Te,
1499 2971 1658 3015 Collega,
1689 2971 1807 3003 sedulo
1834 2971 2014 3004 observata
2040 2973 2081 3004 ad
2104 2974 2190 3016 Try-

337 3034 480 3078 „phones
506 3033 631 3066 annuit.
694 3032 897 3064 Prodieruut
928 3031 1014 3062 enim
1048 3031 1232 3072 specimina
1256 3029 1423 3070 mascula,
1463 3040 1549 3073 quae
1574 3029 1652 3061 mihi
1677 3029 1950 3069 communicasti,
1991 3040 2008 3061 e
2033 3029 2189 3061 folliculis

338 3089 597 3130 „Tenum-edetis
623 3087 853 3120 adumbratae.
916 3087 952 3119 ln
980 3097 1083 3130 opere
1108 3097 1183 3118 meo
1212 3091 1309 3119 antea
1335 3085 1482 3130 allegato
1509 3090 1715 3128 compertum
1742 3084 1850 3117 haheo
1878 3085 1920 3116 de
1948 3085 2189 3129 Tryphonibvs,

340 3148 501 3187 „maxima
529 3157 568 3179 ex
594 3150 689 3188 parte
716 3143 954 3176 Tenthredz'nes
980 3142 1167 3176 inhabitare
1198 3144 1269 3185 pari
1303 3143 1406 3175 modo
1444 3142 1712 3185 phyllopliagas,
1749 3153 1845 3184 quani
1879 3141 1953 3174 illas
1986 3143 2186 3185 pinetornm,
