2259 3506
845 213 1215 263 ...93-

97 344 296 385 subtiliter
326 346 536 399 confertim
566 346 769 402 ragnloso
783 350 1183 402 -pmzctatissimum.
1245 348 1371 399 Caput
1401 348 1536 388 fronte
1567 350 1705 401 plana,
1735 353 1865 392 amice
1898 366 1973 405 pa—

98 430 183 457 rum
217 419 531 472 emarginatum;
576 417 668 458 lobo
699 418 831 459 medio
871 420 1004 472 clypei
1043 421 1281 462 lateralibus
1319 420 1526 472 parallelis
1562 422 1680 476 apice
1710 424 1973 465 aczttinsculis

97 502 238 541 parum
276 488 470 530 breviore.
545 491 763 531 Pronotum
801 492 919 532 valde
957 493 1522 544 transverso—trapezoidale
1567 493 1714 534 leviter
1761 508 1975 537 convexo-

98 561 279 612 declive,
310 563 431 603 litura
461 563 634 603 normali
667 576 687 603 a
720 564 861 603 colore
892 567 1054 616 pronoti
1085 580 1168 604 non
1201 564 1377 613 diversa,
1409 566 1569 618 angulis
1599 565 1876 608 humeralibus
1907 584 1974 608 ro-

78 632 279 673 'tanclatis
318 633 535 676 latitudine
571 633 811 675 abdominis.
852 660 903 664 —
940 636 1148 689 Margines
1189 637 1380 677 laterales
1419 639 1580 688 pronoti
1612 640 1820 695 utrinqne,
1862 646 1976 681 costa

96 705 428 758 hemielytrorum
459 705 568 755 basi,
610 708 815 760 margines
848 707 1075 748 abdominis
1106 723 1258 764 snpra,
1299 710 1514 750 scutellum
1550 712 1668 765 apice
1697 712 1866 763 pulchre
1896 713 1975 754 ssa—

94 784 277 819 vescunt.
337 778 550 818 Antennae
582 776 675 818 basi
702 778 910 820 olicaceae
941 792 1119 832 superne
1150 782 1318 837 nigrae,
1353 782 1525 821 articulo
1559 784 1718 824 scilicet
1748 786 1868 825 tertio
1900 787 1975 826 sub

96 851 210 902 apice
242 855 389 905 quarto
421 855 461 889 et
492 851 632 904 quinto
665 851 759 890 totis
791 852 946 906 nigris:
977 852 1159 893 secundo
1193 855 1308 893 tertio
1330 854 1558 908 perspicae
1588 854 1787 910 longiore.
1832 858 1975 911 Margo

78 920 228 975 ,slavus
259 922 487 962 abdominis
519 922 806 962 inmaculatus
837 936 859 963 a
890 924 1145 976 hemielytris
1178 923 1360 964 obtectas
1391 927 1602 966 rarissime
1623 930 1852 979 posteriora
1874 943 1974 970 ver-

94 1005 164 1033 sus
202 993 270 1033 illa
310 994 532 1033 excedens.
601 994 833 1034 Membrana
873 996 1210 1049 hemielytrorum
1237 996 1490 1050 flaccescens
1528 997 1755 1040 S-nervia.
1823 1002 1976 1042 Venter

94 1067 553 1107 convexo—rotumlatus
583 1066 769 1107 unicolor
798 1068 1178 1118 olivaceo-viridis,
1211 1069 1326 1108 ostiis
1350 1069 1647 1120 spiraculorum
1671 1073 1973 1116 concoloribus.

92 1138 223 1178 Pedes
272 1139 456 1179 olivacei.
531 1140 670 1179 Tibiae
717 1140 1033 1191 pilosiusculae‚
1082 1141 1338 1193 posteriores
1375 1155 1532 1195 param
1577 1149 1785 1185 arcuatae.
1860 1147 1975 1189 Tarsi

81 1210 210 1264 flisco
225 1236 242 1242 -
253 1213 546 1267 nigrescentes.

204 1283 327 1324 Maris
358 1284 516 1324 valvula
549 1284 677 1324 analis
709 1289 939 1336 aperturam
964 1286 1164 1339 segmenti
1187 1286 1291 1325 sexti
1314 1286 1508 1325 ventralis
1531 1286 1745 1339 obturans,
1778 1303 1975 1343 convexa,

94 1356 289 1408 simplex,
325 1368 505 1409 superne
545 1357 807 1410 emarginata.
869 1358 1086 1398 Foeminae
1125 1357 1312 1398 valvulae
1351 1358 1491 1399 anales
1532 1371 1630 1399 sex:
1670 1361 1696 1402 4
1736 1365 1974 1414 superiores

93 1429 293 1479 posticum
324 1429 551 1482 marginem
583 1429 811 1469 abdominis
843 1430 1088 1480 formantes,
1118 1430 1144 1471 2
1172 1430 1392 1471 inferiores
1423 1431 1523 1471 rima
1556 1434 1834 1475 conniventes.

137 1525 255 1560 Nota.
296 1526 402 1559 Color
425 1527 570 1570 pulchre
595 1528 700 1562 ssavus
727 1531 871 1572 partium
897 1536 976 1573 post
1001 1536 1143 1563 mortem
1171 1530 1271 1563 facile
1297 1531 1329 1563 in
1357 1531 1496 1563 sordide
1522 1531 1645 1564 ssavum
1664 1538 1721 1565 aut
1739 1534 1771 1566 in
1791 1539 1972 1569 testaceum

291 1595 511 1631 permutatur.
561 1588 750 1623 Exsudatio
782 1592 917 1635 pinguis
950 1603 989 1624 ex
1022 1597 1094 1624 toto
1122 1602 1288 1635 corpore,
1320 1593 1416 1625 citius
1441 1598 1521 1635 post
1545 1599 1687 1627 mortem
1714 1595 1745 1627 in
1771 1595 1835 1629 hac
1860 1600 1975 1640 specie

290 1662 391 1695 quam
417 1652 449 1683 in
477 1653 729 1695 congeneribus
758 1652 871 1685 locum
897 1653 1011 1686 habet.

91 1770 158 1812 54.
205 1770 386 1817 Pent.
409 1774 681 1826 pra-§ina
705 1776 881 1826 (Linn.);
913 1789 1035 1829 supra
1066 1777 1209 1817 viridis
1232 1781 1300 1816 aut
1321 1777 1653 1827 subrubescens3
1685 1780 1869 1821 articulis
1895 1795 1971 1822 an-

201 1849 416 1886 tennarum
449 1847 645 1887 extremis
668 1847 995 1899 rufescentibus,
1027 1850 1142 1902 apice
1166 1848 1305 1898 fusco3
1338 1850 1512 1891 scutello
1537 1851 1780 1901 concolore3
1812 1857 1973 1904 pronoti

202 1917 382 1959 humeris
422 1919 659 1960 auriculatis
701 1920 902 1961 abdomen
943 1921 1261 1971 excedentibus,
1303 1922 1530 1962 abdominis
1573 1925 1758 1977 margine
1805 1933 1971 1968 exserto

205 2001 327 2042 supra
358 1991 408 2031 ad
444 1992 647 2032 incisuras
678 1993 850 2044 pallid03
889 1998 1032 2033 ventre
1073 1993 1281 2033 discolore
1322 1995 1438 2035 ostiis
1481 1996 1777 2046 spiraculorum
1819 2000 1971 2053 nigris;

204 2060 430 2104 femoribus
462 2075 584 2115 supra
614 2065 791 2104 medium
822 2069 970 2116 puncto
993 2065 1112 2117 nigro
1135 2066 1304 2116 notatis,
1335 2067 1445 2107 tibiis
1467 2069 1766 2119 posterioribus
1789 2073 1913 2112 rectis
1932 2074 1970 2112 ἦ.

257 2151 390 2191 Minus
420 2152 698 2205 magnitudine
731 2165 850 2204 quam
882 2153 1023 2193 colore
1054 2155 1207 2204 variat,
1240 2155 1307 2206 qui
1340 2168 1393 2194 ex
1424 2161 1567 2196 natura
1599 2157 1791 2198 dermatis
1815 2171 1971 2201 secun-

94 2220 185 2260 dum
217 2227 412 2274 aetatem,
443 2229 723 2276 tempestatem
756 2226 848 2264 anni
879 2229 919 2264 et
940 2225 1056 2266 locos
1079 2226 1254 2276 natales,
1287 2232 1420 2267 certas
1443 2233 1593 2268 tantum
1616 2230 1721 2270 haud
1743 2232 1969 2274 mathema-

91 2293 172 2332 tice
211 2294 421 2346 limitatas,
466 2296 570 2337 infra
608 2296 803 2336 adductas
846 2296 997 2337 formas
1037 2298 1238 2349 producit.
1308 2300 1634 2341 Modificationes
1680 2303 1832 2344 virides
1878 2318 1968 2346 cum

92 2363 209 2405 Pent.
235 2366 503 2422 juniperina,
553 2368 604 2408 P.
630 2370 944 2423 purpuripenni
972 2383 999 2408 α
1030 2375 1071 2410 et
1099 2369 1150 2409 P.
1181 2371 1458 2427 snzaragslnla
1489 2387 1538 2423 oc,
1577 2373 1835 2416 rufescentes
1869 2390 1967 2418 vero

93 2449 181 2476 cum
214 2437 264 2478 P.
286 2441 600 2495 pzirpuripenni
627 2442 675 2491 β,
726 2441 919 2481 confundi
951 2448 1143 2494 possunt,
1186 2444 1260 2483 sed
1292 2444 1494 2497 neglectis
1527 2446 1617 2486 aliis
1649 2447 1967 2500 characteribus,

92 2514 295 2551 structura
338 2513 480 2564 capitis
512 2514 917 2564 (constantissimal)
958 2519 998 2554 et
1036 2515 1262 2556 abdominis
1298 2522 1436 2557 rectae
1475 2518 1825 2560 determinationis
1864 2522 1966 2561 viam

90 2583 224 2623 subito
256 2583 460 2624 indicabit.

202 2656 369 2696 Praeter
407 2656 668 2697 characteres
711 2659 750 2697 in
790 2659 978 2712 diagnosi
1017 2659 1213 2700 indicatas
1254 2673 1396 2701 omnes
1435 2661 1590 2702 formae
1620 2660 1738 2701 Pent.
1759 2666 1968 2716 prasinae

91 2729 130 2767 in
163 2729 428 2780 sequentibus
459 2730 565 2768 inter
597 2741 641 2768 se
675 2732 939 2770 conveniunt:

202 2800 359 2852 Corpus
392 2806 573 2850 ovatum,
605 2802 738 2841 minus
769 2803 886 2842 ovale
922 2815 1041 2855 quam
1074 2805 1113 2843 in
1143 2803 1454 2858 P.juniperina
1486 2806 1673 2856 (propter
1703 2818 1824 2848 arcus
1855 2809 1962 2850 late—

90 2872 198 2912 rales
229 2873 457 2926 marginum
488 2873 801 2913 abdominalium
832 2875 873 2914 in
904 2875 1039 2915 medio
1066 2875 1331 2928 longitudinis
1354 2875 1483 2928 magis
1505 2880 1736 2929 convexos)
1767 2879 1964 2923 subtiliter

91 2944 301 2997 confertim
331 2945 536 3001 rugnloso
549 2947 933 3001 -pnnctatissimum
972 2949 1028 2988 uti
1068 2949 1107 2986 in
1137 2949 1181 2987 P.
1201 2946 1457 3000 juniperina.
1518 2947 1644 2999 Caput
1682 2949 1960 3005 ellc'ptico-ro-

92 3014 327 3065 tundalum,
359 3017 409 3056 ad
441 3018 585 3059 oculos
615 3031 755 3071 parum
787 3019 926 3070 latius,
958 3020 1091 3059 fronte
1123 3019 1241 3071 plana
1273 3020 1405 3058 antice
1438 3020 1830 3074 subemarginatum3
1866 3026 1961 3068 lobo

93 3086 252 3126 medio
284 3088 417 3140 clypei
448 3095 676 3131 antrorsum
708 3090 963 3131 acutiusculo
995 3090 1308 3131 lateralibus
1340 3096 1459 3131 extus
1489 3095 1688 3133 arcuatim
1708 3110 1960 3154 convergen-

92 3157 217 3207 libas,
248 3171 368 3210 supra
394 3160 506 3200 illum
538 3161 864 3211 conniventibus,
897 3161 1091 3203 breviore.
1142 3163 1359 3203 Pronotum
1390 3163 1470 3204 late
1502 3169 1804 3218 transversum,
1835 3182 1858 3210 a
1879 3171 1960 3212 hu—
