2259 3506
1006 208 1075 211 --
1158 195 1233 226 Xll
1313 205 1384 210 “-

277 325 312 361 εἰ
342 322 677 372 Coleopterorum
710 319 890 363 nomina,
920 328 942 352 c
975 312 1168 361 Catalogo
1201 310 1355 349 musaei
1376 308 1593 348 Besseri
1622 307 1877 346 Cremenccii
1910 306 2133 356 desumpta,

276 393 478 444 excipias,
516 397 768 432 caeterorum
811 385 996 426 ordinum
1038 382 1305 433 paucissimae
1346 380 1507 430 species
1544 379 1738 431 vulgares
1779 382 1944 417 nostrae
1976 387 2133 415 memo-

278 468 436 512 rantur,
472 475 628 514 eaeque
660 467 735 500 tam
768 458 864 498 exili
894 456 1072 503 ratione,
1112 458 1153 493 ut
1192 465 1242 492 ne
1274 453 1478 492 minimum
1511 450 1673 501 quidem
1711 450 1773 489 rei
1803 449 1974 501 hujusce
2007 447 2135 501 gratia

280 535 590 574 emolumentum
624 530 815 573 studiosis
848 528 1026 568 afferant.

390 604 762 645 Pertlze'esiana
794 600 1058 647 collectione,
1091 598 1140 637 de
1172 610 1250 648 qua
1276 597 1359 648 jam
1393 607 1513 646 supra
1542 594 1734 632 monitum
1757 596 1841 641 est,
1865 593 1947 643 jam
1971 590 2137 629 Musaeo

281 677 461 716 Vilnensi
491 675 644 723 addita,
684 685 787 725 quae
821 672 929 711 circa
959 682 1046 709 rem
1078 669 1247 709 eandem
1278 668 1384 706 idem
1428 667 1587 717 seriptis
1621 663 1896 716 consignavit,
1934 674 1956 700 a
1987 661 2138 700 haere-

283 748 399 786 dibus
431 746 611 798 ejusdem
644 744 906 783 habebantur,
966 742 1075 781 Bona
1105 741 1167 779 avi
1199 739 1365 787 accidit,
1405 743 1446 778 ut
1477 751 1528 777 ex
1566 737 1816 776 alumnorum
1850 732 2140 773 Medico-Chi·-

282 818 469 869 rurgicae
501 816 746 856 Academiae
777 815 982 854 Vilnensis
1023 823 1192 851 numero
1231 808 1527 849 Per-llze'esz'i
1564 820 1713 859 nepos,
1759 808 1803 846 D.
1836 803 1980 845 Lmlo
1997 805 2142 843 vicus

282 887 601 936 Towz'anslci,
632 887 775 927 iisdem
797 886 946 937 potitus
971 896 1127 923 mecum
1160 893 1231 933 pro
1264 892 1338 920 suo
1371 882 1408 919 in
1442 894 1504 919 me
1537 881 1670 920 studio
1701 883 1823 931 atque
1846 878 1977 917 animo
2009 877 2141 915 bene-

283 957 559 998 volentissimo
592 958 961 998 communicaverit.
1022 956 1112 1005 His,
1155 955 1302 1006 quibus
1336 953 1533 1004 peculiari
1565 952 1684 991 modo
1717 950 1907 990 collectio
1938 950 2013 988 ista
2044 948 2141 987 illu-

284 1032 405 1067 strata
437 1034 544 1078 erat,
575 1030 741 1069 aderant
771 1028 963 1068 nonnulla
994 1027 1093 1076 alia,
1132 1031 1275 1066 cuneta
1308 1024 1497 1063 idiomate
1529 1022 1869 1075 franco-gallico
1902 1020 2144 1070 conscripta,

285 1103 325 1138 et
363 1100 525 1150 quidem
564 1106 751 1140 accurata
790 1101 1031 1151 descriptio:
1082 1099 1143 1139 1⁰.
1175 1097 1538 1148 Lepidopterorum
1571 1107 1647 1134 una
1680 1105 1932 1134 cumeorum
1957 1091 2143 1130 delinea-

285 1170 461 1210 tionibus
494 1172 645 1210 calamo
677 1170 832 1209 affabre
863 1171 978 1210 factis
1010 1170 1094 1209 fere
1128 1169 1331 1219 absoluta,
1364 1168 1413 1207 ad
1437 1167 1668 1208 Sectionem
1692 1166 1981 1205 Phalaenarum
2012 1175 2145 1216 usque

289 1239 473 1281 deducta.
533 1242 599 1283 2⁰.
631 1242 834 1288 Quaedam
868 1241 974 1279 circa
1006 1242 1149 1281 horum
1181 1254 1202 1279 e
1234 1240 1359 1279 larv1s
1389 1240 1625 1279 ulteriorem
1658 1249 1917 1290 processum,
1948 1240 2145 1287 perpetuo

290 1323 336 1350 ac
367 1324 510 1362 presso
544 1313 648 1364 pede
676 1324 749 1364 per
779 1312 977 1363 quosdam
1010 1323 1134 1351 annos
1166 1324 1187 1350 a
1210 1310 1513 1351 Perilze'esio
1537 1311 1755 1350 Varsaviae
1789 1310 2040 1361 investigata,
2074 1320 2146 1347 ac-

290 1382 527 1423 cedentibus
559 1385 651 1423 item
684 1384 825 1435 figuris
857 1383 905 1422 ad
937 1383 1071 1421 vivum
1104 1393 1254 1422 summa
1286 1387 1372 1421 arte
1401 1382 1574 1434 depictis
1605 1394 1652 1421 ac
1686 1381 1892 1420 coloratis.
1952 1379 2018 1421 3⁰.
2051 1379 2146 1419 Ich-

288 1464 530 1493 neumonum
576 1454 839 1507 quorumdam
887 1452 1178 1492 Fabricium
1224 1451 1340 1489 etiam
1388 1453 1593 1492 latentium
1644 1457 1832 1493 accurata
1882 1451 2148 1491 adumbratio.

290 1524 355 1564 40.
386 1525 542 1565 Musaei
560 1524 1219 1575 Per-tlze'esianz‘Catalogorum
1249 1521 1409 1573 sylloge
1432 1529 1505 1563 cet.
1561 1525 1684 1577 Cujus
1707 1526 1768 1564 rei
1789 1524 1975 1564 accessio
1999 1524 2149 1575 quanti,

292 1607 408 1646 quam
440 1603 573 1649 grata,
604 1602 853 1649 acceptaque
886 1596 981 1635 mihi
1014 1595 1136 1635 suerit
1166 1596 1205 1633 in
1238 1593 1390 1642 studia,
1422 1604 1525 1643 qnae
1549 1598 1655 1635 omni
1685 1608 1782 1636 cura
1806 1596 2017 1647 amplexus
2049 1607 2151 1644 sum,

292 1666 360 1705 vix
391 1672 473 1717 est,
513 1669 621 1720 quod
659 1681 863 1718 moneam,
902 1669 1022 1707 immo
1062 1666 1208 1706 abhinc
1247 1667 1286 1704 in
1325 1665 1501 1704 animum
1541 1665 1682 1704 induxi
1713 1681 1845 1708 meum
1877 1672 1917 1707 et
1947 1668 2151 1716 constitui,

293 1742 336 1776 ut
364 1739 526 1790 vigilias
558 1740 647 1779 illas
678 1738 1109 1785 Per-theesz'cznas,
1152 1738 1393 1789 quibuscum
1426 1748 1500 1787 pro
1532 1736 1663 1776 libero
1697 1737 1862 1776 arbitrio
1894 1739 2041 1792 agendi
2073 1752 2151 1790 po-

294 1812 418 1849 testas
450 1811 553 1851 facta
583 1812 678 1850 mihi
709 1816 792 1861 est,
833 1823 950 1863 quam
991 1811 1162 1862 primum
1198 1809 1350 1860 publici
1382 1809 1489 1859 juris
1528 1808 1717 1848 facerem.
1779 1808 1902 1859 CujUs
1933 1812 1994 1849 rei
2025 1812 2153 1864 gratia

295 1891 345 1919 eo
377 1883 504 1934 magis
541 1883 770 1922 enitendum
812 1883 905 1921 mihi
941 1887 1046 1932 erat,
1088 1881 1195 1932 quod
1236 1880 1359 1919 mulla
1395 1880 1545 1919 ibidem
1586 1879 1681 1918 mihi
1721 1885 2009 1931 occurrerunt,
2049 1895 2153 1935 quae

295 1952 463 2001 primum
495 1966 517 1992 a
548 1953 849 1993 Pertlee'esio
882 1958 1042 2005 reperta
1075 1957 1114 1992 et
1153 1953 1283 1992 adhuc
1314 1953 1453 2005 ignota
1483 1952 1662 2001 latuere,
1702 1951 1804 1990 adeo
1836 1955 1878 1991 ut
1907 1953 2154 2002 postliminio

297 2024 415 2073 quasi
440 2025 534 2075 jure
566 2025 767 2076 agendum
799 2025 893 2063 mihi
924 2037 1030 2064 nunc
1062 2025 1112 2064 sit
1143 2023 1191 2062 ad
1215 2024 1290 2062 viri
1312 2023 1471 2062 laudem
1494 2023 1864 2075 redintegrandam,
1893 2036 2012 2075 quain
2044 2030 2154 2064 certe

296 2093 411 2132 vivus
443 2095 611 2147 adeptus
643 2109 690 2136 ac
721 2097 1017 2147 spectatissimo
1049 2096 1140 2135 loco
1183 2096 1222 2133 in
1253 2095 1433 2134 virorum
1472 2094 1591 2146 hujus
1623 2095 1683 2134 rei
1716 2095 2042 2135 doctissimorum
2081 2109 2154 2136 or-

299 2164 390 2202 dine
420 2165 580 2206 habitus
611 2167 738 2217 foret,
770 2168 804 2206 si
836 2167 977 2216 modo,
1020 2167 1179 2207 meliori
1212 2166 1371 2205 fortuna
1402 2178 1525 2215 usus,
1562 2167 1666 2205 inter
1696 2167 1892 2218 aequales
1924 2179 2044 2217 SUOS,
2078 2181 2156 2220 qua

298 2245 368 2284 par
399 2240 461 2274 est
490 2238 619 2276 virum
650 2238 811 2277 doctum
847 2251 892 2277 ac
924 2239 1027 2278 bene
1060 2239 1109 2278 de
1141 2239 1267 2289 patria
1307 2239 1512 2287 meritum,
1552 2243 1744 2290 patronos
1787 2238 1983 2289 quosdam
2015 2245 2156 2280 nactus

300 2304 456 2345 fuisset.
517 2307 641 2359 Cujus
671 2310 732 2347 rei
764 2309 1005 2348 documento
1037 2310 1229 2349 nonnulla
1268 2309 1334 2348 hic
1371 2321 1594 2349 recensere
1626 2322 1672 2349 ac
1705 2311 1954 2350 contendere
1987 2324 2008 2350 e
2041 2311 2158 2351 eele-

300 2376 569 2417 berrimorum
611 2380 962 2433 entomologorum
1001 2381 1119 2432 hujus
1159 2381 1248 2420 aevi
1288 2381 1403 2420 libris
1445 2381 1587 2430 liceat,
1633 2394 1738 2433 quae
1778 2382 2007 2434 hujusmodi
2047 2388 2156 2422 sunt:

300 2446 628 2500 Typhlocyba
660 2451 929 2491 stellulata
950 2452 1487 2502 Bar-m.(Pths.Mss.157.
1511 2451 1632 2494 1018.
1665 2454 1754 2493 sine
1777 2455 1972 2504 nomine),
2005 2455 2157 2495 Scio-

301 2520 439 2558 coris
483 2521 716 2561 umbrina
754 2522 909 2563 Panz.
947 2522 1317 2574 (Pt11s.Mss.167.
1352 2522 1471 2564 1069.
1513 2535 1544 2564 s.
1586 2526 1665 2574 n.),
1711 2525 1915 2577 Cydnus
1961 2526 2158 2578 picipes

302 2587 494 2629 Fallen.
527 2591 653 2649 (Bths.
688 2593 781 2632 Mss.
807 2593 897 2636 168.
933 2594 966 2634 1.
1006 2607 1037 2634 s.
1070 2598 1154 2644 n.),
1181 2582 1474 2634 Pentatoma
1511 2596 1818 2635 intermedia
1842 2595 1999 2650 Wolf:
2032 2598 2157 2647 (Ptbs.

304 2658 398 2698 Mss.
425 2660 514 2701 166.
546 2661 583 2703 6.
622 2663 696 2702 sub
728 2676 766 2703 n.
795 2664 892 2704 Cim.
915 2664 1314 2720 melanoeeplzalus),
1347 2665 1661 2706 Cliorosoma
1684 2667 1961 2708 Arundinis
1986 2668 2158 2708 Curiis

305 2728 429 2776 (Pths.
460 2731 670 2773 Mss.175.
704 2734 824 2776 1129.
857 2737 944 2775 sine
976 2739 1054 2786 n.),
1087 2736 1265 2788 Cymus
1298 2726 1600 2778 Clav'iculus
1631 2738 1759 2778 Fall.
1793 2738 1918 2787 (Pths.
1950 2739 2046 2779 Mss.
2067 2738 2157 2781 180.

309 2797 428 2839 1124.
468 2802 554 2841 sine
585 2806 662 2854 n.),
701 2806 1082 2859 Heterogaster
1112 2807 1297 2846 Ericae
1329 2806 1503 2848 Schill.
1536 2809 1662 2859 (Pths.
1694 2809 1790 2848 Mss.
1816 2808 1907 2851 180.
1937 2810 1975 2850 5.
2015 2811 2089 2851 sub
2121 2824 2157 2851 n.

309 2868 406 2907 Cim.
438 2870 716 2925 clavieomis),
756 2877 1096 2930 Pachymerus
1136 2878 1556 2930 Stapllylinoides
1587 2879 1749 2920 Barm.
1789 2882 1915 2930 (Pths.
1947 2882 2159 2924 Mss.179.

310 2939 427 2980 1120.
459 2942 532 2980 sub
565 2955 600 2981 n.
635 2945 726 2983 Cim.
758 2947 1063 3004 Staphylinus),
1094 2949 1444 3001 Pachymerus
1475 2951 1713 3003 plebejus
1743 2952 1871 2991 Fan.
1903 2953 2030 3004 (Pths.
2062 2954 2157 2993 Mss.

309 3010 400 3050 174.
442 3011 476 3052 1.
515 3012 589 3052 sub
621 3026 656 3054 n.
697 3017 790 3056 Cim.
821 3018 1016 3069 Ahietls),
1055 3021 1401 3072 Pachymerus
1448 3024 1678 3075 agrestis
1720 3021 1847 3061 Fall.
1894 3024 2018 3074 (Ptlis.
2062 3024 2158 3065 MSS.

311 3078 400 3122 161.
432 3081 468 3122 2.
501 3084 574 3122 sub
607 3096 642 3123 n.
677 3086 775 3125 Cim.
809 3088 1020 3141 Jibietlsl),
1052 3092 1396 3142 Pachymerus
1428 3094 1689 3144 pedestris
1722 3093 1870 3135 Panz.
1903 3095 2030 3145 (Pths.
2062 3095 2158 3135 Mss.
