2259 3506
839 190 1209 242 —37-

207 326 242 365 A
276 326 446 367 normali
476 325 592 368 Perit.
610 327 772 380 festiva
819 328 1095 381 magnitudine
1133 329 1311 377 minore,
1356 329 1585 369 membrana
1626 329 1953 385 liemielytrorum

97 399 260 439 tenuius
293 399 535 452 marginata,
572 404 739 451 pectore
771 400 1068 454 abdomineque
1099 401 1292 442 trifariam
1323 402 1718 455 nigro—maculatis⁷
1756 405 1954 447 distincta.

97 470 246 510 Puncta
278 472 409 511 media
438 471 516 511 duo
545 472 583 511 in
614 474 775 524 pronoti
804 474 962 525 postico
994 474 1173 513 maculas
1205 473 1305 513 duas
1336 486 1502 527 magnas
1533 487 1672 515 secum
1703 477 1955 518 confluentes

96 542 289 583 efficiunt.
349 544 565 584 Praeterea
604 546 643 584 in
682 546 796 585 corio
832 545 1163 602 hemielytrorum
1204 550 1295 585 ante
1333 541 1486 598 apicem
1525 560 1603 588 una
1640 550 1795 590 macula
1826 551 1953 604 nigra.

58 666 61 668 ¹
95 615 309 655 Abdomen
351 628 472 668 supra
510 617 703 666 rubrum,
747 618 907 669 punctis
947 617 1237 670 marginalibus
1275 619 1416 671 nigris.
1483 619 1640 674 Corpus
1683 627 1808 663 totum
1851 624 1954 663 infra

94 686 260 727 rubrum
291 689 458 729 maculis
496 690 536 729 in
577 688 738 742 singulo
771 693 982 742 segmento
1018 689 1190 729 ventrali
1220 690 1348 730 tribus
1380 692 1508 745 nigris
1539 699 1579 733 et
1608 707 1748 749 margo
1780 697 1954 737 extimus

94 758 319 800 abdominis
355 760 596 813 plerumque
637 760 767 800 adhuc
807 761 916 800 serie
957 766 1196 813 punctorum
1236 762 1445 815 nigrorum
1485 771 1663 807 ornatus.
1722 768 1853 809 Pedes
1883 770 1955 809 toti

94 831 212 883 nigri.

150 929 183 980 ζ.
229 930 455 979 Falleni*;
503 930 793 981 luteo-varia,
831 938 997 986 pectore
1036 933 1345 986 abdominisque
1387 935 1519 975 medio
1559 938 1954 991 nigro-maculatis;

230 1005 389 1057 punctis
420 1004 653 1045 lateralibus
692 1011 732 1045 et
763 1006 1054 1060 marginalibus
1086 1006 1246 1057 pronoti
1277 1017 1354 1046 sex
1385 1007 1584 1050 distinctis
1615 1013 1765 1065 nigris;
1814 1017 1955 1068 capitis

232 1077 415 1131 margine
447 1077 581 1126 luteo;
618 1078 843 1119 femoribus
875 1079 963 1119 basi
994 1079 1166 1131 pallidis.

181 1165 301 1198 Cimeoe
324 1171 466 1198 ornatus
490 1170 521 1207 β.
548 1165 673 1199 Fallen.
694 1166 776 1200 Cim.
793 1178 841 1200 su.
859 1166 912 1201 49.
934 1166 987 1200 15.
1015 1166 1130 1210 Ejusd.
1151 1167 1244 1200 Hem.
1263 1179 1311 1200 su.
1330 1165 1382 1201 30.
1403 1167 1452 1201 15.

201 1245 360 1284 Habitat
391 1245 499 1284 circa
520 1244 675 1285 Vilnam
707 1246 746 1285 in
767 1245 1011 1301 lepinella
1032 1246 1274 1302 saxifraga.
1306 1247 1374 1287 ubi
1405 1247 1520 1299 plura
1551 1251 1771 1301 specimina
1801 1259 1954 1294 aestate

90 1316 220 1357 media
252 1315 372 1359 1846.
403 1317 552 1357 inveni.

201 1389 395 1443 Corporis
430 1390 586 1442 pictura
625 1390 665 1429 in
700 1391 793 1430 vivo
830 1390 1104 1432 flavo-aurea
1133 1405 1171 1432 v.
1202 1392 1432 1433 aurantiaca
1463 1406 1485 1433 a
1516 1396 1856 1446 praecedentibus
1887 1399 1954 1439 di-

89 1463 247 1502 stincta.
305 1462 517 1502 Antennae
557 1463 713 1516 nigrae.
774 1462 892 1503 Oculi
930 1463 1047 1504 susci.
1108 1464 1234 1517 Caput
1271 1464 1429 1505 fuscum
1468 1467 1613 1520 clypeo
1652 1471 1783 1510 antice
1821 1471 1952 1512 ssavo-

89 1535 325 1588 marginato.
384 1535 601 1575 Pronotum
634 1536 786 1575 coloris
818 1537 1059 1586 aurantiaci,
1099 1537 1268 1577 maculis
1299 1537 1322 1579 6
1355 1539 1483 1592 nigris
1514 1540 1773 1583 biserialibus
1805 1544 1953 1585 distin-

88 1608 183 1647 ctis:
215 1607 261 1657 2,
282 1607 323 1649 4.
383 1608 605 1649 Scutellum
636 1609 913 1648 aurantiacum
944 1606 1036 1648 bosi
1063 1609 1223 1649 macula
1255 1610 1503 1667 triangulari
1528 1613 1661 1668 nigra.
1706 1615 1952 1669 Hemielytra

87 1682 319 1721 aurantiaca
350 1681 533 1734 margine
566 1681 761 1720 interiore
793 1682 911 1735 nigro
936 1682 1115 1732 sinuato,
1146 1695 1281 1722 aream
1305 1684 1406 1723 corii
1429 1685 1469 1723 in
1490 1684 1569 1724 duo
1592 1687 1791 1741 triangula
1813 1695 1952 1731 costae

87 1755 276 1807 contigua
308 1753 533 1793 dividente:
574 1753 718 1806 majori
756 1758 904 1805 puncto
943 1767 1024 1794 uno
1063 1756 1203 1808 nigro,
1246 1757 1514 1810 margineque
1555 1759 1697 1799 costali
1736 1764 1895 1812 punctis
1925 1763 1952 1805 4

85 1827 213 1880 nigris
245 1831 393 1866 notato.
451 1824 692 1865 Membrana
720 1830 759 1865 et
777 1824 917 1881 pedes
947 1828 1081 1883 nigra.
1138 1828 1351 1868 Abdomen
1382 1831 1656 1871 aurantiacum
1688 1833 1829 1875 subtus
1860 1849 1950 1877 ma—

85 1899 187 1940 culis
218 1899 347 1953 nigris
377 1898 565 1951 ellipticis
595 1899 881 1939 triserialibus.

192 1982 424 2023 Falleniana
461 1983 682 2035 descriptio
724 1984 886 2023 omnino
925 1989 1089 2024 nostrae
1129 1985 1319 2025 convenit
1347 1990 1510 2037 praeter
1539 1988 1685 2029 verba:
1718 1989 1949 2043 femoribus

83 2054 175 2095 basi
190 2054 391 2110 pallidis,
432 2068 536 2107 quae
575 2056 692 2095 aliam
733 2055 1072 2096 modificationem
1110 2057 1230 2109 huJ‘us
1270 2062 1465 2109 spectant.
1534 2060 1769 2103 Perthesius
1807 2064 1946 2114 (MSS.

82 2129 162 2168 Ins.
189 2128 319 2168 Litliu.
347 2132 387 2167 et
406 2128 490 2168 Pol.
520 2141 573 2168 ex
600 2140 705 2168 anno
737 2127 858 2170 1802.
889 2127 981 2170 168.
1009 2129 1076 2182 fig.
1094 2129 1141 2179 5)
1171 2129 1289 2169 aliam
1321 2130 1452 2171 adhuc
1481 2134 1610 2186 magis
1643 2137 1945 2178 memorabilem

82 2202 315 2241 varietatem
340 2200 559 2253 descripsit
589 2213 670 2241 non
701 2206 851 2241 tantum
869 2200 1101 2255 femoribus
1132 2200 1210 2242 sed
1238 2207 1277 2242 et
1306 2201 1409 2244 tibiis
1439 2202 1697 2258 basiflaviS,
1731 2220 1850 2260 quam
1871 2223 1944 2263 pro

82 2275 278 2314 varietate
310 2273 576 2314 Pentatomae
605 2278 776 2314 ornatae
804 2273 1019 2314 adnotavit.

125 2373 244 2407 Nota.
283 2374 485 2407 Pentatoma
505 2374 637 2417 pictum
661 2374 788 2418 (rufum
813 2373 1014 2418 plerumque
1039 2374 1136 2406 etiam
1162 2373 1482 2419 flavo-variegatum
1508 2379 1619 2421 capite
1643 2380 1810 2414 maculato
1827 2383 1944 2416 subtus

279 2436 455 2468 rufescens
485 2441 543 2469 aut
566 2436 688 2469 ssavum
714 2442 854 2479 pectore
876 2437 1035 2480 >utrinque
1062 2435 1202 2468 maculis
1228 2434 1249 2469 3
1275 2437 1383 2470 ovatis
1409 2438 1683 2483 nigro—cinctis,
1715 2449 1834 2476 ventre
1857 2447 1946 2478 serie

283 2497 491 2530 macularum
516 2498 701 2530 mediarum
729 2498 884 2531 obsoleta
910 2499 1005 2531 Herr.
1021 2498 1123 2531 Schff.
1149 2498 1205 2541 (in
1230 2498 1332 2531 Panz.
1358 2498 1456 2532 Cont.
1481 2499 1617 2534 116.12
1634 2503 1746 2546 et133
1778 2507 1943 2540 Sti-achia

275 2560 372 2603 picta
390 2559 497 2592 Hahn.
516 2560 633 2593 Wanz.
652 2560 706 2592 111.
723 2559 776 2593 14.
793 2560 873 2593 Tab.
887 2559 1044 2592 LXXVII.
1062 2560 1117 2603 fig.
1131 2558 1215 2603 240)
1240 2559 1260 2592 5
1278 2560 1334 2593 lin.
1352 2560 1463 2605 long,
1490 2563 1643 2597 distincta
1669 2576 1687 2598 a
1712 2567 1940 2600 modificatio-

279 2622 378 2654 nibus
403 2622 622 2654 Pentatomae
646 2628 790 2655 ornatae
813 2623 947 2655 videtur
971 2622 1114 2665 pedibus
1139 2623 1332 2666 variegatis.
1350 2642 1394 2646 -
1419 2624 1619 2656 Pentacoma
1643 2636 1722 2658 vero
1747 2627 1941 2663 decoratum

277 2683 372 2716 Herr.
386 2683 489 2716 Schff.
514 2683 564 2726 (in
582 2684 683 2717 Panz.
703 2683 800 2718 Cont.
819 2684 922 2717 Faun.
940 2694 1045 2728 germ.
1065 2681 1140 2716 116.
1160 2681 1228 2725 14.)
1254 2684 1288 2716 Ρ.
1310 2685 1399 2728 picti
1423 2686 1584 2718 varietas!

77 2773 380 2814 Subdivisio
412 2773 602 2825 Septima.
664 2772 790 2825 Caput
826 2774 956 2814 antice
988 2773 1264 2823 rotundatum,
1301 2775 1604 2826 emarginatum.
1662 2775 1937 2820 Antennarum

186 2847 383 2886 articulus
422 2846 628 2886 secundus
667 2850 734 2885 aut
772 2846 1035 2899 longitudinis
1073 2841 1180 2886 tertii
1219 2851 1286 2885 aut
1321 2846 1440 2886 tertio
1479 2847 1653 2900 longior.
1719 2850 1935 2892 Pronotum

186 2919 273 2960 basi
311 2919 360 2959 ad
398 2919 592 2959 humeros
631 2918 846 2958 abdomine
884 2918 1015 2959 latius.
1089 2918 1303 2959 Abdomen
1339 2920 1604 2973 marginatum
1644 2921 1786 2962 subtus
1833 2935 1936 2964 con—

186 3004 354 3041 vexum,
384 2992 662 3041 rotundatum,
694 2996 905 3045 segmento
935 2992 1106 3031 ventrali
1138 2991 1319 3031 secundo
1350 2991 1437 3032 basi
1467 2993 1630 3033 inermi:
1670 2995 1934 3038 PENTATOMA

185 3062 287 3103 Oliv.
308 3064 424 3117 Amy.
448 3069 487 3104 et
507 3064 611 3104 Aud.
635 3063 750 3105 SerV.
772 3063 886 3105 Hem.
911 3062 1002 3106 128.
1025 3062 1090 3105 95.

274 3151 300 3178 Ἐ
333 3152 512 3205 Corpore
541 3166 672 3207 supra
690 3151 993 3207 pz‘losiusculo:
