2259 3506
62 583 322 640 *Familia
365 583 648 639 Secunda.
730 583 1298 640 SUPERICORNES
1339 597 1456 648 Amy.
1487 601 1527 634 et
1555 595 1659 634 Aud.
1687 594 1802 634 Serv.
1834 593 1945 632 Hem.

488 673 585 723 1833
633 674 843 715 Coreodes
873 675 1007 714 Burm.
1030 674 1183 714 Handb.
1208 674 1244 715 d.
1269 674 1358 714 Ent.
1381 675 1426 714 11.
1449 673 1543 715 299.

83 782 199 822 Char.
232 798 311 823 ess.
372 785 497 836 Caput
532 784 582 824 ad
624 784 750 824 latera
790 784 944 836 clypei,
990 785 1213 824 tuberculis
1251 785 1517 825 antenniferis
1556 784 1848 836 longitrorsum
1887 781 1944 819 illi

280 856 456 905 adnatis,
502 868 625 907 saepe
665 857 704 895 in
744 857 880 908 spinas
921 857 1086 906 solutis,
1133 862 1307 897 auctum.
1376 857 1565 895 Rostrum
1604 853 1943 895 ll-articulatum.

277 928 489 967 Antennae
519 927 829 968 4-311101113130
869 940 990 979 supra
1029 929 1174 968 lineam
1214 934 1280 968 aut
1319 930 1358 967 in
1397 929 1481 978 ipsa
1514 928 1618 965 linea
1651 927 1698 965 ab
1731 925 1862 964 oculis
1894 924 1943 963 ad

277 999 379 1039 labri
418 1000 620 1052 originem
661 999 799 1047 ducta,
850 1000 1074 1040 tuberculis
1114 1000 1243 1040 oculis
1286 1000 1522 1051 antepositis
1561 999 1751 1037 insertae.
1826 996 1941 1034 Oculi

275 1075 448 1123 pronoto
487 1083 568 1110 non
608 1072 802 1124 contigui.
863 1071 993 1111 Ocelli
1032 1072 1124 1112 duo.
1185 1072 1433 1124 Hemielytra
1471 1075 1537 1110 aut
1577 1069 1768 1122 Tegmina
1812 1080 1941 1105 mem-

275 1143 399 1183 brana
432 1155 554 1194 saepe
589 1143 773 1183 furcatim
806 1156 980 1183 ramosa.
1042 1145 1263 1185 Scutcllum
1295 1144 1524 1192 mediocre,
1563 1140 1811 1193 triangulare
1851 1152 1939 1177 me-

275 1215 383 1254 dium
422 1215 648 1254 abdominis
687 1227 767 1254 non
809 1217 1022 1269 attingens.
1084 1216 1324 1256 Abdominis
1365 1228 1505 1269 margo
1545 1215 1741 1254 elevatus.
1811 1210 1940 1249 Pedes

274 1287 377 1326 haud
408 1299 502 1326 raro
535 1300 555 1326 a
588 1287 909 1327 conformatione
942 1288 1132 1337 normali,
1164 1289 1414 1328 aberrantes.

186 1392 306 1433 Clmr.
337 1396 420 1430 nat.
482 1391 608 1444 Caput
644 1391 895 1445 triangulare
934 1405 969 1431 v.
1010 1393 1358 1447 quadrangulare,
1404 1398 1495 1432 ante
1534 1391 1677 1431 oculos
1716 1386 1940 1427 tuberculis

71 1464 359 1513 antenniferis,
390 1465 642 1517 marginibus
673 1463 949 1504 exterioribus
982 1464 1031 1503 ad
1061 1467 1212 1504 variam
1246 1465 1495 1505 altitudinem
1526 1462 1701 1510 adnatis,
1734 1461 1772 1498 in
1798 1459 1937 1497 latitu-

71 1538 163 1576 dine
202 1541 382 1585 auctum,
420 1540 649 1575 antrorsum
688 1537 793 1575 inter
831 1540 1025 1575 antennas
1057 1542 1309 1588 porrectum,
1350 1537 1496 1576 sessile
1535 1534 1659 1587 (apud
1695 1532 1866 1571 Cor-izos
1899 1530 1937 1567 111

70 1609 219 1650 collum
251 1608 407 1660 postice
438 1610 678 1659 retractum)
710 1608 835 1647 sulcis
859 1607 1100 1648 frontalibus
1127 1609 1340 1649 distinctis.
1392 1609 1491 1648 Lobi
1522 1607 1654 1659 clypei
1686 1602 1936 1643 laterales

71 1693 273 1732 nunquam
303 1692 424 1732 supra
456 1680 632 1720 medium
666 1680 954 1729 conniventes,
994 1682 1159 1720 medio
1193 1694 1315 1732 saepe
1347 1682 1385 1719 111
1417 1680 1592 1720 0311113111
1626 1676 1839 1716 frontalem
1871 1674 1936 1712 la—

69 1753 278 1801 minatam,
309 1756 490 1791 exserto.
550 1751 723 1791 Labrum
755 1765 807 1791 ex
837 1752 933 1791 lobo
966 1752 1129 1792 frontali
1163 1754 1295 1792 medio
1329 1757 1509 1800 enatum,
1549 1751 1659 1790 striis
1691 1746 1937 1786 transversis

69 1825 211 1873 nullis,
249 1824 421 1876 vaginae
453 1824 576 1862 rostri
608 1824 821 1863 articulum
855 1825 1078 1864 secundum
1111 1826 1179 1864 vix
1210 1826 1426 1878 attingens.
1485 1822 1642 1875 Vagina
1673 1820 1795 1859 rostri
1830 1829 1935 1869 qua-

68 1896 362 1936 driarticulata:
407 1896 578 1935 articulo
616 1897 735 1936 tertio
769 1896 951 1936 secundo
982 1897 1187 1936 breviore.
1248 1897 1365 1936 Oculi
1396 1895 1608 1943 laterales,
1643 1902 1789 1931 versus
1820 1889 1936 1928 basin

68 1969 209 2020 capitis
241 1968 406 2016 inserti,
445 1968 601 2007 thoraci
634 1980 713 2007 non
746 1969 941 2020 contigui.
1002 1968 1131 2007 Ocelli
1165 1969 1243 2008 duo
1276 1969 1473 2016 distincti,
1513 1968 1617 2005 inter
1649 1977 1692 2002 se
1725 1963 1933 2000 distantes-

67 2041 278 2080 Antennae
311 2039 414 2090 apici
452 2039 758 2078 tuberculoruni
795 2040 1066 2079 antennaliuin
1109 2041 1174 2089 (in
1206 2041 1311 2079 linea
1343 2040 1464 2079 ideali
1502 2039 1549 2077 ab
1583 2036 1713 2075 oculis
1745 2033 1793 2073 ad
1830 2032 1933 2071 labri

67 2113 267 2165 originem
300 2110 438 2160 ducta,
480 2115 547 2149 aut
580 2123 700 2162 supra
733 2110 836 2149 hanc
867 2111 1042 2159 lineam)
1081 2112 1279 2160 insertae,
1320 2109 1725 2164 quadri-articulatae,
1762 2106 1801 2143 in
1841 2105 1932 2141 vivo

66 2189 106 2224 et
152 2187 309 2222 mortuo
359 2184 514 2221 insecto
554 2194 756 2233 uunquam
805 2182 879 2220 sub
927 2183 1057 2233 capite
1106 2184 1415 2232 recondendae,
1474 2180 1667 2235 parallele
1718 2180 1932 2229 porrectae

66 2270 102 2296 v.
125 2269 146 2295 a
168 2256 297 2306 primo
330 2254 500 2293 articulo
531 2253 840 2292 horizontaliter
870 2253 1071 2293 refractac
1104 2256 1163 2304 (in
1194 2254 1351 2310 Beryto
1383 2258 1589 2300 nutantes)
1621 2252 1711 2304 plus
1743 2264 1779 2288 v.
1803 2250 1932 2287 minus

66 2327 197 2367 nudae
229 2327 289 2376 (in
324 2327 450 2365 Coreo
483 2324 918 2377 piloso-spinulosae).
978 2325 1256 2365 Antennarum
1289 2327 1483 2366 articulus
1510 2327 1662 2378 primus
1694 2327 1733 2361 ct
1765 2325 1932 2373 quartus

65 2400 267 2450 (exceptis
299 2395 631 2446 Limicornibus),
670 2397 912 2437 crassiores.
974 2397 1191 2437 Pronotum
1226 2398 1501 2450 trapezoidale
1534 2398 1693 2447 (rarius
1724 2393 1931 2444 trapezoi—

66 2469 455 2523 dali-hexagonale)
488 2481 610 2521 saepe
642 2469 858 2509 denticulis
890 2469 1113 2521 spinulisve
1146 2475 1354 2509 armatum.
1416 2470 1636 2510 Scutcllum
1668 2465 1930 2518 triangulare,

66 2542 240 2582 medium
280 2541 507 2581 abdominis
545 2553 625 2580 non
664 2543 879 2595 attingens.
940 2541 1190 2594 Hemielytra
1227 2555 1325 2581 vcra
1357 2546 1424 2581 aut
1455 2541 1647 2593 Tegmina
1680 2539 1739 2588 (in
1774 2537 1930 2577 Corize.

68 2613 385 2661 Clzorosomate,
427 2625 479 2651 ex
511 2618 623 2664 parte
668 2618 707 2653 et
738 2614 777 2652 in
807 2612 1017 2668 Beryto),
1057 2613 1172 2652 clavo
1214 2614 1417 2653 distincto.
1479 2612 1634 2651 Ostium
1677 2608 1927 2648 odoriferum

65 2686 343 2737 conspicuum.
403 2684 616 2723 Abdomen
654 2686 945 2737 marginatum,
985 2685 1314 2733 sexannulatum,
1354 2684 1535 2736 margine
1566 2681 1738 2721 elevato.
1800 2679 1929 2718 Pedes

66 2756 185 2797 modo
215 2756 445 2805 normales,
475 2756 595 2795 modo
628 2755 864 2796 abnormes:
896 2757 1194 2808 posterioribus
1226 2756 1501 2808 longioribus,
1535 2754 1757 2792 femoribus
1789 2752 1929 2791 clava-

64 2830 115 2868 tis
146 2828 433 2877 tuberculatis,
464 2826 623 2867 duobus
654 2828 953 2878 posterioribus
984 2829 1106 2882 spina
1137 2828 1299 2866 armatis
1311 2841 1320 2874 3
1352 2827 1459 2865 tibiis
1492 2826 1667 2865 curvatis
1696 2837 1733 2864 v.
1756 2825 1928 2877 sigmoi-

66 2900 168 2939 deis.
237 2899 349 2939 Ostia
396 2899 692 2951 spiraculorum
736 2900 975 2940 ventralium
1022 2900 1215 2951 quinque.
1282 2898 1397 2937 Tarsi
1441 2898 1709 2937 triartieulati.
1773 2898 1929 2947 Corpus

68 2971 311 3023 oblongum,
342 2971 575 3024 elongatum
608 2984 644 3011 v.
676 2970 831 3010 lineare
863 2972 930 3022 (in
961 2969 1285 3026 Phyllomorplm
1316 2974 1546 3009 monstrose
1578 2970 1848 3018 laciniatum).
1881 2993 1927 2997 μ

69 3043 211 3082 Plures
240 3042 409 3083 odorem
442 3044 641 3096 ingratum
674 3043 849 3095 spirant,
879 3043 996 3095 pauci
1028 3042 1312 3091 aromaticum,
1344 3041 1409 3081 alii
1442 3042 1606 3082 nullum.

1594 3112 1667 3145 16ἐξ
