2259 3506
828 195 1197 245 ,χῖ-

86 342 170 370 sam
201 332 399 371 vatustuis
431 342 582 382 corpus
619 329 946 370 Penlalmm‘dmn
977 336 1017 371 et
1048 330 1390 388 Paclqmneridzmz
1421 333 1713 383 obducentem,
1750 335 1856 375 illam
1888 338 1955 377 ef-

87 402 387 442 florescentiam
429 403 718 455 aeruginosam
758 416 810 442 cx
850 402 1020 443 aciculis
1059 403 1348 454 decompositis
1390 403 1620 454 formatam,
1667 419 1772 458 quac
1815 421 1956 449 verum

87 474 269 514 colorem
300 475 447 514 insecti
484 474 683 514 coelando
715 479 754 514 et
785 474 930 515 falsum
962 475 1134 514 nitorem
1166 476 1437 527 impetrando,
1478 477 1659 528 proficue
1692 481 1956 530 speciminum

86 559 176 586 cum
209 547 379 587 aciculis
411 547 451 586 in
483 546 649 586 aethere
683 546 919 598 sulphurico
951 551 1019 586 aut
1050 547 1193 597 spiritu
1225 549 1305 587 vini
1338 550 1612 589 numeratione
1643 563 1680 590 v.
1713 551 1956 604 digestione,

84 619 271 672 abigitur.

199 696 236 739 δ.
264 690 330 732 24.
378 690 615 741 Quanquam
647 689 927 740 Heteropteris
960 689 1228 741 colligendis,
1260 692 1468 742 quaelibet
1498 695 1589 732 anni
1614 699 1832 746 tempestas
1856 698 1956 746 (non

85 768 260 814 excepto
292 763 439 815 hyeme
471 762 511 799 in
542 761 765 811 provinciis
797 761 1129 811 australioribus)
1161 762 1307 801 idonea
1341 763 1419 802 dici
1451 769 1604 814 potest,
1636 771 1767 806 tamen
1798 773 1955 820 tempus

85 835 314 876 autumnale
346 838 386 873 et
416 844 489 884 pro
522 837 636 883 parte
668 832 857 882 vernale,
889 833 1019 886 magis
1050 834 1319 882 conveniunt,
1350 839 1445 874 tunc
1476 837 1581 875 enim
1612 837 1748 878 larvae
1780 844 1820 879 et
1849 854 1956 892 pup-

84 919 182 959 pae,
214 918 319 959 quae
351 910 506 945 aestate
537 905 642 943 inter
673 904 873 956 imagines
905 904 1211 956 frequentiores
1243 909 1335 944 sunt
1366 907 1497 946 minus
1530 908 1664 948 fucum
1697 911 1860 952 faciunt.
1912 913 1954 952 In

84 980 147 1020 his
183 982 315 1018 autem
346 978 439 1017 anni
478 976 786 1028 tempestatibus
825 976 1064 1029 seligendus
1106 976 1193 1015 dies
1233 989 1429 1028 serenus,
1470 992 1550 1031 quo
1587 981 1741 1021 insecta
1774 984 1874 1023 haec
1905 997 1956 1024 ox

84 1052 251 1091 latebris
283 1051 368 1091 suis
401 1061 598 1102 egressa,
639 1049 726 1089 sole
759 1049 897 1100 aprico
929 1048 1225 1088 refocillantur.
1288 1050 1407 1089 Certa
1440 1055 1570 1090 tamen
1602 1066 1755 1105 genera
1787 1060 1826 1094 et
1857 1068 1956 1107 spe—

84 1124 169 1164 cies
202 1124 241 1162 in
272 1122 347 1162 hac
381 1122 444 1161 vel
477 1121 545 1160 illa
577 1121 705 1174 magis
736 1120 965 1170 abundare,
997 1125 1065 1160 aut
1097 1126 1333 1161 constanter
1360 1123 1593 1173 observari,
1626 1130 1763 1164 notum
1795 1131 1868 1165 est.
1915 1127 1956 1166 In

86 1195 309 1248 provinciis
341 1193 653 1234 austraHOribus
685 1197 810 1232 totum
843 1192 930 1232 fere
962 1205 1037 1244 per
1067 1205 1213 1232 annum
1245 1195 1320 1234 sub
1353 1195 1553 1246 lapidibus
1586 1201 1625 1235 et
1655 1198 1831 1247 muscis,
1870 1198 1955 1238 Nc-

84 1266 221 1316 hides,
252 1265 518 1322 Pachymeri,
550 1263 849 1321 AJv·locoz·c’(leS,
882 1263 1108 1312 Arculc'deS,
1142 1265 1512 1321 Illoncznlliiaeqne,
1545 1268 1759 1308 abundant.
1818 1270 1957 1317 Quae-

85 1341 175 1380 dam
204 1339 362 1380 vernali
392 1338 566 1389 tempori
598 1337 727 1389 magis
760 1337 924 1388 propria
957 1341 1050 1376 sunt
1071 1350 1107 1376 v.
1126 1350 1160 1376 c.
1184 1337 1429 1378 Phimodera
1445 1339 1681 1395 galgulincz,
1712 1340 1959 1381 Pentatoma

84 1410 283 1459 vernalis,
312 1409 497 1450 nonnulli
523 1407 683 1464 Cydni,-
714 1408 818 1447 aliac
851 1413 891 1447 et
921 1409 1283 1449 numerosissimae
1306 1415 1478 1460 aestat03
1509 1410 1758 1468 Plrrtocoris
1780 1415 1959 1453 tunicata

84 1483 201 1524 Fabr.
224 1487 265 1522 et
285 1482 381 1522 Fall.
414 1485 565 1521 tantum
598 1480 637 1519 in
668 1480 819 1519 ultimis
850 1480 995 1520 diebus
1024 1482 1226 1531 autumni,
1258 1482 1428 1535 legitur3
1461 1483 1563 1523 aliae
1587 1485 1763 1537 denique
1786 1498 1808 1525 a
1829 1486 1959 1538 primo

84 1568 183 1595 vere
213 1567 346 1607 usque
386 1553 435 1593 ad
475 1553 594 1592 finem
626 1551 815 1592 Octobris
848 1553 961 1592 vario
999 1553 1039 1592 in
1078 1557 1182 1593 statu
1214 1554 1460 1594 evolutionis
1492 1556 1717 1608 interrupte
1750 1557 1826 1596 sibi
1857 1569 1958 1597 suc-

85 1627 243 1668 cedanh

197 1699 331 1739 Locos
363 1697 588 1749 speciales,
629 1697 822 1750 singulis,
863 1698 992 1750 inagis
1030 1698 1161 1738 fausta
1195 1698 1376 1748 fortuna,
1417 1712 1534 1751 quam
1567 1700 1819 1751 experientia
1850 1700 1961 1740 indi-

87 1772 205 1813 cabit.
268 1771 468 1812 Strenuus
501 1770 700 1809 collector
731 1769 977 1808 examinabit
1008 1769 1268 1821 superficiem
1300 1771 1548 1822 plantarum,
1588 1777 1780 1821 truncos,
1812 1784 1961 1822 ramOS,

87 1843 201 1893 folia,
238 1842 388 1891 flores;
438 1853 567 1893 prono
608 1841 795 1880 cubando
836 1841 1026 1892 inspiciet
1067 1842 1210 1882 subtus
1248 1843 1404 1894 lapides
1445 1849 1485 1883 et
1520 1844 1682 1884 radices
1714 1844 1961 1897 graminum}

85 1915 346 1968 investigabit
375 1915 570 1954 corticem
601 1914 792 1953 arborum
827 1917 1125 1964 emortuarum,
1157 1915 1400 1967 quisquilias
1432 1920 1684 1968 truncosque
1713 1920 1961 1967 putrescen-

85 1993 168 2037 tes,
208 1999 289 2026 non
332 1987 565 2040 neglexerit
600 1987 732 2037 ripas,
775 1985 916 2024 dulces
955 1990 995 2025 et
1034 1986 1205 2036 salinas,
1246 1992 1480 2040 stagnantes
1521 1988 1777 2041 fluentesque
1820 1999 1962 2039 aquas,

85 2064 236 2099 terram
282 2059 458 2098 fertilem
504 2063 544 2098 et
588 2071 750 2098 arenam
797 2058 1008 2106 mobilem;
1064 2059 1324 2111 investigabit
1372 2058 1633 2100 formicarum
1677 2071 1846 2100 acervas
1892 2059 1962 2099 ubi

88 2132 305 2172 nonnullae
338 2131 499 2183 species
532 2135 766 2171 constanter
798 2129 1020 2169 obveniunt
1049 2142 1085 2168 v.
1112 2142 1145 2169 c.
1179 2130 1411 2170 Zosmemts
1433 2131 1619 2172 antliicus
1641 2133 1751 2172 Fieb.
1775 2133 1815 2171 in
1838 2143 1961 2171 acer-

89 2205 149 2245 vis
190 2203 406 2243 Formicae
423 2201 708 2257 salig-mosae.
748 2200 1019 2256 illlcroplzysa
1050 2215 1287 2241 acervorum
1326 2203 1366 2242 in
1403 2204 1562 2243 acervis
1599 2203 1816 2243 Formieae
1845 2202 1965 2256 rusae

89 2290 124 2315 e.
148 2288 179 2316 s.
202 2288 238 2327 p.

201 2353 239 2396 §.
262 2346 329 2388 25.
379 2346 575 2397 Cuilibet,
607 2348 676 2399 qui
699 2347 968 2398 Heteroptera
1001 2346 1201 2399 colligere
1233 2348 1310 2387 sibi
1342 2349 1553 2400 proponit,
1588 2348 1804 2399 sequentia
1835 2347 1963 2387 ahso-

89 2422 171 2461 lute
203 2420 442 2459 necessaria
474 2419 594 2458 duco.
657 2419 698 2468 1)
738 2417 987 2472 Erez'pzdztm
1028 2430 1101 2457 seu
1134 2430 1279 2458 saccus
1311 2419 1511 2470 bipedalis
1543 2421 1788 2468 altitudinis,
1827 2432 1849 2458 e
1881 2419 1963 2457 lin-

88 2498 155 2533 teo
197 2492 293 2533 forti
332 2491 560 2540 crassiore,
607 2503 697 2530 cum
736 2490 860 2530 fundo
903 2490 1179 2540 subrotundo,
1218 2496 1407 2543 apertura
1449 2493 1605 2531 circulo
1647 2491 1784 2531 ferreo
1824 2490 1965 2529 adsuta

90 2565 302 2605 manubrio
333 2564 471 2616 ligneo
504 2563 658 2615 aliquot
690 2563 907 2615 spithamas
940 2563 1063 2616 longo
1101 2563 1303 2613 firmatus,
1343 2576 1417 2614 pro
1451 2564 1694 2602 Geoeorz‘sis.
1755 2562 1799 2611 2)
1841 2560 1964 2600 Aliud

91 2637 322 2689 excipulum
354 2649 444 2676 cum
477 2635 688 2687 chlamyde
721 2647 743 2674 e
776 2635 899 2674 linteo
932 2635 1049 2674 laxae
1082 2639 1268 2674 texturae
1294 2639 1360 2674 aut
1382 2635 1592 2674 retiforme
1619 2639 1659 2673 ut
1683 2646 1787 2685 aqua
1810 2634 1965 2681 hausta,

90 2710 210 2750 facile
242 2708 400 2758 effluat,
431 2720 505 2760 pro
538 2706 847 2764 Hydrocorisc‘s.
916 2705 960 2756 3)
1001 2706 1152 2746 Forfex
1184 2707 1483 2759 entomologica
1516 2706 1722 2745 normalis.
1781 2704 1828 2751 4)
1861 2704 1965 2744 Sca-

90 2782 199 2822 tulae
238 2781 399 2834 ligneae
441 2793 463 2820 e
505 2779 651 2819 lamina
690 2777 826 2818 ferrea
867 2783 934 2818 aut
979 2791 1031 2818 ex
1070 2778 1207 2817 charta
1246 2779 1452 2817 crassiore
1490 2777 1538 2816 ad
1578 2778 1739 2828 species
1775 2777 1888 2815 vivas
1928 2779 1967 2813 et

93 2858 272 2894 mortuas
314 2852 619 2893 conservandas
663 2850 785 2899 (dum
815 2863 852 2889 v.
877 2863 911 2890 c.
944 2851 983 2889 in
1015 2850 1160 2889 itinere
1192 2854 1348 2900 tempus
1389 2852 1428 2887 et
1458 2848 1574 2888 locus
1606 2850 1764 2889 illarum
1795 2846 1967 2887 normali

93 2926 391 2978 praeparationi
422 2929 478 2974 (ς.
501 2924 575 2974 27)
607 2922 841 2971 deficiunt),
872 2922 1211 2973 praedestinatae.
1262 2921 1309 2968 5)
1339 2920 1573 2973 Lagenulae
1606 2922 1784 2973 majores
1816 2924 1856 2958 et
1887 2918 1966 2956 mi-

95 3009 218 3037 nores
252 3010 274 3037 e
303 2999 408 3037 vitro
442 2996 647 3036 crassiore
680 3006 771 3034 cum
803 2994 933 3046 amplo
965 2994 1178 3045 epistomio
1209 2997 1249 3031 et
1279 2992 1535 3032 obturatione
1558 3006 1580 3032 e
1604 2993 1753 3033 subere
1777 2989 1966 3030 confecto

96 3071 341 3118 instructae,
383 3069 521 3109 charta
561 3067 810 3119 emporetica
848 3066 1027 3106 minutim
1068 3064 1256 3113 concisa,
1301 3064 1485 3116 pannulis
1524 3064 1683 3114 linteis,
1722 3067 1789 3103 aut
1825 3071 1966 3101 musco

97 3142 294 3193 depurato
326 3141 373 3180 ad
404 3142 431 3192 ὲ
461 3139 727 3192 longitudinis
758 3137 951 3188 repletae.
1012 3136 1135 3175 Hisce
1166 3136 1255 3174 viva
1287 3135 1554 3187 Heteroptera
1594 3137 1880 3181 immittuntur,
1916 3143 1967 3170 ne

179 3209 185 3215 ’
1683 3206 1702 3240 3
