2259 3506
964 146 1372 200 -los—

357 297 438 332 toto
471 295 610 347 nigre,
649 291 888 338 concolore,
926 288 1107 340 margine
1139 285 1417 333 immaculat03
1460 284 1574 324 ostiis
1607 282 1903 335 spiraculorum
1936 286 2103 321 venua-

358 365 453 406 lium
485 370 632 419 puncto
664 365 782 416 nigro
815 360 1013 400 distinctis
1029 358 1068 398 ἢ
1128 359 1255 411 Long.
1286 356 1312 397 4
1333 357 1402 396 lin.

342 454 459 487 Cinam:
483 456 752 494 lmemacoyaster
778 448 931 482 Schrank
955 448 1021 481 Ins.
1039 453 1142 480 austr.
1159 446 1235 480 270.
1253 444 1328 479 520.
1369 445 1463 477 Stoll.
1491 444 1625 477 Punais.
1643 444 1724 477 Tali.
1737 443 1883 476 XXXIII.
1902 443 1955 486 fig.
1971 441 2049 475 229.

342 516 458 548 Cimeoe
483 517 646 548 lituralus
673 510 770 546 Fabr.
793 512 868 544 Eut.
888 511 975 553 Syst.
993 510 1048 543 IV.
1068 508 1143 543 114.
1163 507 1237 542 134.
1285 508 1402 550 Ejusd.
1430 507 1516 549 Syst.
1535 507 1664 549 Rhyng.
1683 504 1757 538 170.
1774 503 1829 538 84.
1879 505 1978 537 l'anz.
2005 504 2112 537 Faun.

386 589 490 621 germ.
508 577 562 610 40.
582 576 633 610 19.
658 575 760 608 Wolf.
779 575 872 607 leon.
891 573 972 606 Cim.
993 571 1045 605 14.
1064 570 1117 604 14.
1136 571 1216 604 Tab.
1231 570 1270 603 II.
1290 571 1345 614 fig.
1360 568 1412 603 14.
1433 569 1469 612 (ο
1482 567 1564 612 pt).
1596 567 1680 604 Fall.
1700 567 1781 601 Cim.
1800 579 1850 600 su.
1869 566 1922 600 44.
1939 566 1969 599 4.
1995 567 2110 609 Ejusd.

387 640 480 671 llem.
500 650 547 671 su.
567 637 620 671 24.
639 637 669 670 4.
695 638 841 670 Zetterst
868 638 930 669 ins,
950 635 1039 678 lapp.
1058 632 1134 666 259.
1155 632 1183 666 1.

343 703 541 734 Pematoma
565 702 713 733 lituram
738 699 894 732 Latreille
918 699 1003 731 Boit.
1022 697 1108 729 Man.
1128 706 1201 728 ene.
1219 694 1272 728 54.

342 764 542 796 Pentaeoma
567 763 684 796 stell-ti
709 761 836 804 Lepell.
856 767 887 794 et
905 762 999 794 Serv.
1017 760 1099 793 Enc.
1118 759 1158 791 X.
1176 756 1228 790 58.
1247 756 1278 790 2.

340 825 540 857 Pentaloma
563 826 799 867 lmemayaster
824 822 923 867 (sic!)
951 823 1045 855 Herr.
1060 820 1204 854 Scliaeff.
1229 820 1262 852 in
1281 819 1382 852 Panz.
1400 824 1491 851 cont.
1509 817 1614 851 Faun.
1633 827 1738 861 germ.
1758 814 1833 850 115.
1853 814 1902 849 13.
1922 811 1962 858 07¹
1980 820 2012 848 et.
2027 813 2067 849 14
2083 813 2112 855 Ω

386 887 428 930 (b
440 898 459 919 o
469 899 489 920 n
500 899 517 920 a
530 898 547 920 e
556 888 564 919 ἶ
574 886 600 930 ).

340 949 590 983 Acantlzosoma
613 950 884 991 leaemaloqaster
909 947 1022 979 Burm.
1048 945 1184 977 Handb.
1204 944 1236 977 d.
1252 943 1328 976 Ent-
1348 942 1388 975 II.
1405 940 1483 975 360.
1501 940 1531 972 4.

340 1012 592 1045 ΑεαηιΙιοεοηια
615 1011 797 1044 lituratum
821 1010 918 1052 Amy.
937 1015 969 1042 et
986 1008 1073 1041 Aud.
1092 1007 1186 1040 Serv.
1206 1006 1299 1039 llem.
1321 1003 1395 1038 154.
1416 1005 1455 1036 in
1474 1008 1585 1035 nota.

342 1075 624 1117 Ilaenzatoyaster
647 1073 744 1115 Amy.
762 1073 841 1106 Ent.
860 1072 980 1116 Franc.
995 1069 1049 1104 88.
1069 1068 1121 1103 73.

309 1165 349 1215 β.
394 1165 554 1217 pronoti
586 1164 702 1203 litura
733 1168 966 1202 transversa
997 1161 1120 1200 flava:

346 1253 464 1286 Cimeae
488 1254 666 1294 deutatus;
692 1257 830 1293 ovatuS,
855 1261 955 1294 supra
981 1246 1238 1288 fusco-viridis,
1262 1246 1379 1278 subtus
1405 1245 1608 1286 flavescens,
1633 1245 1781 1277 thoracis
1808 1244 1895 1276 linea
1915 1249 2119 1285 transversa,

389 1315 493 1356 flava,
519 1316 632 1358 elytris
657 1315 761 1347 rubro
789 1314 1002 1357 margillatis,
1028 1322 1093 1344 ano
1122 1311 1296 1343 bidentato
1323 1308 1426 1340 rubro
1455 1307 1503 1340 De
1522 1307 1621 1340 Geer.
1647 1307 1744 1340 Mem.
1762 1305 1818 1339 ΙΙΙ.
1837 1305 1912 1340 260.
1931 1305 1962 1339 7.
2000 1306 2119 1339 Villers

391 1378 466 1410 Ent.
485 1377 578 1410 Linn.
596 1375 672 1409 502.
691 1374 744 1409 70.
768 1375 897 1418 (mas).

349 1441 466 1472 Cimea:
491 1439 632 1471 collaris
657 1438 756 1471 Fabr.
776 1437 861 1480 Syst.
881 1437 1013 1480 Rhyng.
1034 1434 1108 1467 170.
1125 1432 1180 1468 83.

348 1503 547 1535 Ρεηιαιοηια
571 1501 712 1533 collaris
737 1499 894 1533 Latreille
911 1499 997 1531 Boit.
1015 1498 1102 1531 Man.
1122 1508 1196 1529 enc.
1214 1494 1268 1527 51.

349 1565 466 1597 Cinoeoe
489 1565 654 1596 litui-alus
679 1567 702 1605 β
727 1562 867 1596 thorace
893 1562 997 1595 fascia
1020 1559 1216 1603 pallidiore,
1242 1558 1394 1601 margine
1419 1556 1600 1600 elytrorum
1627 1557 1789 1589 interiore
1815 1562 1848 1588 et
1871 1556 2004 1600 postico
2031 1557 2125 1589 rutis.

392 1626 475 1660 Fall.
500 1627 594 1659 Hem.
611 1637 661 1660 su.
682 1625 703 1657 l.
719 1637 744 1658 s.
764 1636 791 1658 c.

372 1706 529 1745 Habitat
558 1706 598 1744 in
628 1703 829 1759 Junz'pero
862 1702 1065 1742 commzml
1091 1713 1164 1753 per
1194 1704 1315 1740 totam
1340 1698 1613 1746 Lithuaniam,
1646 1697 1719 1737 sed
1751 1697 1883 1738 minus
1914 1696 2124 1750 frequens.

374 1788 647 1830 Praecedente
679 1788 800 1840 duplo
833 1786 919 1826 sere
952 1786 1103 1834 mmor,
1136 1782 1410 1837 magnitudine
1439 1781 1602 1821 Pentat.
1634 1781 1912 1829 mammatae,
1945 1781 2017 1821 sed
2051 1794 2124 1821 se-

263 1864 477 1916 quentibus
508 1863 648 1915 major.

375 1947 531 1999 Corpus
569 1946 741 1986 viventis
779 1943 947 1996 pulchre
987 1942 1220 1989 virescens,
1261 1939 1408 1979 mortui
1446 1938 1677 1990 pallescens
1717 1950 1790 1977 seu
1832 1938 1870 1976 in
1901 1941 2124 1977 testaceum

265 2032 461 2074 vergens,
501 2019 688 2068 nitidum,
728 2017 913 2057 similiter
952 2027 998 2055 ac
1030 2015 1071 2054 in
1100 2013 1172 2053 Ac.
1203 2009 1549 2052 haemorrhoidum
1578 2023 1699 2063 supra
1730 2010 2126 2064 nigro-impresso-

265 2097 507 2146 punctatum.
568 2093 693 2145 Caput
722 2090 874 2130 viride:
915 2088 1010 2128 lobo
1050 2086 1183 2126 medio
1224 2085 1354 2138 clypei
1396 2084 1587 2124 laterales
1619 2083 1866 2133 excedente,
1906 2084 2020 2136 apice
2052 2096 2126 2122 ro-

266 2165 442 2205 tundato.
503 2165 619 2205 Oculi
663 2164 781 2204 susci.
847 2163 1037 2202 Rostrum
1084 2159 1274 2211 pallidum
1321 2158 1434 2209 apice
1480 2156 1653 2196 fuscum.
1719 2156 1932 2196 Antennae
1980 2156 2128 2207 pallide

268 2238 588 2289 viridescentes,
628 2237 796 2277 articulo
838 2236 976 2275 ultimo
1016 2233 1154 2282 fusco,
1193 2232 1323 2283 primo
1362 2231 1517 2282 apicem
1556 2230 1696 2281 capitis
1728 2229 1976 2279 excedente,
2016 2242 2129 2269 more

269 2311 599 2365 praecedentium
629 2310 800 2361 reliquis
832 2309 1062 2356 crassiore,
1100 2305 1220 2345 tertio
1254 2303 1434 2343 secundo
1467 2302 1590 2354 (apud
1623 2304 1776 2351 mares)
1808 2301 1995 2342 distinete
2027 2302 2129 2342 bre-

271 2385 398 2424 viore.
457 2384 673 2423 Pronotum
703 2380 998 2421 viridi-ssavum
1030 2383 1100 2419 aut
1125 2388 1448 2430 purpurascens,
1479 2376 1609 2414 antice
1640 2375 1759 2414 litura
1781 2380 2015 2415 transversa
2038 2375 2130 2427 pal-

271 2457 350 2497 lida
382 2456 566 2497 obsoleta
599 2459 666 2495 aut
697 2454 939 2507 sanguinea,
974 2452 1107 2491 rarius
1147 2450 1333 2489 distincte
1374 2448 1473 2488 flava
1512 2449 1567 2487 uti
1599 2448 1639 2487 in
1668 2448 1697 2498 β
1727 2450 1918 2486 notatum.
1977 2445 2130 2500 Anguli

273 2529 502 2570 humerales
533 2527 693 2582 pronoti
722 2538 861 2579 parum
891 2524 1128 2578 prominuli,
1160 2522 1362 2562 rotundati
1393 2526 1511 2561 extus
1533 2522 1689 2572 postice
1712 2533 1801 2560 cum
1825 2519 1981 2559 macula
2002 2519 2130 2559 fusca.

275 2602 497 2644 Scutellum
533 2599 945 2651 viridi-flavescens,
990 2597 1077 2637 basi
1115 2595 1383 2635 rubicundum
1421 2598 1488 2633 aut
1524 2598 1649 2633 totum
1679 2586 1970 2642 rubicundum,
2016 2594 2130 2645 apice

275 2676 510 2728 pallidiore,
542 2674 615 2715 sed
646 2685 848 2725 nunquam
879 2672 919 2710 in
950 2669 1064 2709 disco
1097 2667 1253 2708 macula
1284 2667 1397 2706 fusca
1428 2670 1618 2706 notatum.
1679 2665 2021 2717 Hemielytrorum
2054 2678 2131 2705 co-

277 2749 379 2788 rium
409 2747 662 2788 viridescens
700 2747 818 2786 litura
857 2743 1003 2783 eximie
1035 2740 1258 2781 rubicunda
1298 2740 1337 2778 in
1373 2739 1554 2792 margine
1587 2738 1795 2779 scutellari
1833 2742 1873 2777 et
1903 2738 2132 2790 posteriore

278 2822 368 2874 plus
398 2820 462 2860 vel
493 2821 624 2861 minus
654 2820 733 2859 late
765 2821 953 2865 extensa,
983 2814 1075 2854 hinc
1106 2814 1236 2854 antice
1269 2812 1454 2851 distincte
1486 2812 1697 2864 pallidius3
1738 2811 1970 2850 membrana
2002 2810 2131 2849 albida

281 2900 396 2935 extus
434 2894 474 2932 in
509 2891 639 2932 medio
679 2888 840 2930 macula
866 2887 999 2942 fusca
1036 2892 1199 2934 notata,
1239 2898 1343 2937 quae
1385 2884 1584 2924 interdum
1627 2885 1665 2923 in
1703 2883 1870 2923 fasciam
1901 2881 2131 2921 undulatam

284 2968 506 3009 obsoletam
539 2978 628 3005 cum
659 2968 805 3016 puncto
837 2962 953 3002 fusco
984 2961 1023 3000 in
1054 2959 1187 2999 medio
1217 2958 1372 2996 transit.
1428 2957 1638 2996 Abdomen
1672 2943 1938 3008 suprasstotum
1960 2955 2135 3008 nigrum,

284 3040 397 3080 sulco
428 3037 706 3092 longitudinali
739 3037 981 3088 conspicuo,
1021 3033 1203 3086 margine
1241 3030 1411 3082 pallido,
1452 3030 1687 3070 concolore.
1755 3028 1906 3067 Venter
1943 3028 2135 3080 pallidus:

285 3113 397 3153 ostiis
437 3111 729 3165 spiraculorum
752 3113 910 3163 puncto
950 3108 1069 3162 nigro
1112 3105 1323 3146 distinctiS.
1392 3102 1504 3142 Anus
1543 3104 1580 3142 in
1622 3108 1795 3154 utroque
1833 3113 1935 3141 sexu
1975 3100 2138 3153 saepius
