2259 3506
1047 175 1417 229 -66-

303 315 457 368 pictura
499 317 683 369 corporis
722 316 912 356 dilutiore
950 320 990 355 et
1029 320 1202 368 pronote
1242 316 1522 370 immarginato
1569 328 1708 369 parum
1754 315 2005 368 prominulo,
2053 314 2170 355 facile

301 388 591 443 dignoscenda.
652 389 784 430 Sexus
815 393 988 441 uterque
1020 389 1176 429 similis.

414 462 573 515 Corpus
605 467 728 501 totum
761 461 1102 514 subdepressum,
1135 462 1380 516 oblongum⁷
1411 463 1549 512 ovale‚
1579 467 1810 502 antrorsum
1844 461 2061 514 quidquam
2094 474 2170 501 an—n

301 537 483 590 gustius,
516 547 660 588 supra:
693 547 886 587 opacum,
918 535 1099 588 griseum
1129 540 1195 574 aut
1215 536 1354 576 dilute
1388 535 1800 585 fusco-flavescens,
1833 535 2033 575 subtiliter
2062 548 2170 587 pun—

303 615 462 650 ctatum.
521 609 670 647 Puncta
702 608 875 657 minuta,
915 608 1031 661 nigra
1070 609 1268 661 impressa
1308 610 1453 649 adsunt
1490 610 1528 648 in
1560 610 1712 662 capite,
1751 614 1946 660 pronoto,
1985 608 2170 655 somello,

302 685 416 723 corio
447 681 782 733 liemielytrorum
814 685 853 720 et
883 681 923 720 in
954 686 1135 733 pectore.
1188 683 1314 735 Caput
1336 683 1479 732 latum,
1512 682 1771 732 scutiforme,
1802 682 2171 734 rotundato-para-

304 756 499 804 bolicum,
532 754 676 807 clypeo
709 754 866 794 scilicet
897 754 945 794 ad
977 755 1104 795 latera
1137 756 1299 796 dilatato
1333 757 1637 810 immarginato,
1675 758 1807 796 antico
1837 757 1904 795 vix
1936 756 2170 809 emargina-

303 835 405 879 tum,
446 832 617 880 pronoto
656 829 788 868 antico
826 841 966 880 parum
1007 830 1233 883 angustius.
1294 830 1504 869 Antennae
1537 830 1821 870 breviusculae
1852 828 2172 877 b-articulatae⁷

300 902 481 942 articulis
522 901 648 941 fuscis
688 902 775 941 basi
812 901 1147 952 flavescentibus,
1198 903 1357 943 duolms
1404 905 1597 943 extremis
1638 903 1990 943 subcrassioribus
2030 902 2171 955 nigris.

303 975 419 1015 Oculi
451 975 763 1027 protuberantes
795 976 914 1029 nigri.
975 974 1104 1015 Ocelli
1144 978 1270 1030 nigri,
1312 977 1570 1028 oceipitales,
1609 977 1826 1027 distantes,
1863 981 2036 1029 pronoto
2069 975 2170 1015 sub-

304 1049 498 1102 contigui.
548 1049 740 1088 Rostrum
773 1050 1088 1103 griseo—ssavum
1123 1052 1236 1102 apice
1270 1050 1400 1091 susce.
1450 1050 1667 1089 Pronotum
1701 1050 1820 1090 latius
1851 1063 1970 1102 quam
1992 1049 2172 1103 longum7

301 1123 431 1162 antiee
471 1122 636 1162 lunatim
678 1124 862 1163 excisum
902 1124 940 1162 in
982 1124 1116 1163 medio
1157 1125 1260 1163 inter
1300 1124 1472 1178 angulos
1512 1124 1745 1163 humerales
1783 1124 2043 1172 rotundatos,
2091 1136 2171 1162 non

301 1197 597 1248 prominentes,
635 1197 899 1235 transversim
941 1196 1126 1236 obsolete
1166 1198 1430 1249 impressum:
1473 1198 1723 1250 marginibus
1762 1197 1998 1237 lateralibus
2030 1209 2170 1248 parum

300 1270 553 1321 prominulis.
615 1269 837 1309 Scutellum
870 1283 1081 1323 magnum,
1121 1272 1422 1324 parabolicum,
1455 1272 1726 1317 ecarinatum3
1766 1271 1805 1309 in
1835 1270 1941 1310 linea
1973 1271 2062 1323 eJus
2093 1270 2169 1310 ba—

300 1343 411 1383 silari
450 1343 633 1383 maculae
672 1343 777 1382 duae
816 1343 948 1383 rarius
988 1349 1163 1394 quatuor
1194 1345 1488 1397 punetiformes
1527 1346 1693 1398 nigrae,
1731 1345 1769 1383 in
1801 1343 1951 1397 angulo
1982 1345 2171 1396 utrinque

300 1429 423 1468 saepe
453 1416 724 1456 rudimentum
757 1416 849 1455 calli
879 1416 1039 1468 pallidi,
1080 1418 1119 1456 in
1150 1419 1265 1470 apice
1305 1419 1507 1458 interdum
1542 1418 1697 1458 macula
1729 1419 1845 1471 nigra
1875 1417 2172 1469 punctisormis.

300 1490 497 1530 obsoleta.
549 1490 694 1530 Pectus
727 1490 869 1529 subtus
900 1490 1231 1543 griseo-ssavum.
1285 1491 1557 1544 Hemielytra‚
1587 1497 1671 1531 toto
1704 1492 1741 1530 in
1775 1491 1925 1531 ambitu
1947 1492 2170 1544 marginem

300 1564 526 1603 abdominis
557 1575 638 1602 non
669 1563 920 1617 obtegentiffi
953 1564 1184 1605 membrana
1218 1564 1345 1604 fusca.
1396 1565 1498 1605 Alae
1531 1566 1678 1605 breves
1712 1564 1910 1604 fusculae.
1956 1564 2170 1604 Abdomen

300 1638 456 1689 postice
495 1649 634 1689 parum
676 1637 794 1677 latius
836 1638 1102 1690 marginatum
1144 1651 1297 1690 supra
1337 1639 1375 1677 in
1415 1639 1548 1678 medio
1587 1639 1769 1691 nigrum,
1809 1638 1992 1691 margine
2030 1638 2169 1691 griseo

302 1715 368 1751 aut
398 1710 669 1759 flavescente,
701 1723 722 1750 a
754 1710 1007 1763 hemielytris
1040 1724 1120 1751 non
1152 1712 1334 1757 obtecto,
1366 1712 1413 1751 ad
1441 1713 1654 1765 juncturas
1687 1711 1940 1759 annulorum,
1971 1713 2170 1751 concinne

302 1784 469 1824 maculis
509 1785 713 1837 angustis,
753 1784 900 1824 binatis
940 1784 1188 1825 fuscioribus
1229 1790 1429 1834 notatum,
1480 1786 1661 1826 subtus
1702 1785 1912 1836 pallidius⁷
1957 1786 1996 1824 in
2036 1784 2170 1824 medio

302 1858 541 1910 plerumque
581 1857 730 1897 annulo
769 1858 887 1911 nigro
928 1858 1074 1907 nitido,
1113 1859 1177 1898 vel
1218 1860 1351 1898 rarius
1393 1860 1548 1899 macula
1586 1858 1819 1907 rotundam,
1857 1859 1973 1909 nigra
2012 1861 2171 1911 integra

300 1931 365 1971 vel
403 1931 588 1982 pluribus
628 1932 796 1971 maculis
838 1932 1200 1985 longitudinalilms
1242 1938 1280 1972 et
1313 1938 1523 1984 praeterea
1556 1933 1724 1972 maculis
1755 1932 1804 1971 ad
1835 1932 1961 1971 latera
1992 1933 2172 1983 pectoris

301 2005 449 2058 nigris,
490 2004 764 2051 nitidissimis,
805 2006 1057 2046 instructum.
1138 2005 1248 2045 Ostia
1289 2006 1585 2058 spiraculorum
1629 2005 1943 2045 abdominalium
1981 2007 2170 2059 utrinque

301 2079 325 2119 5
350 2079 479 2132 nigra.
530 2078 660 2118 Pedes
693 2079 845 2119 coloris
879 2081 1088 2131 eorporis,
1120 2078 1460 2131 fusco-punctati.
1510 2079 1681 2119 Femora
1712 2081 1916 2119 anteriora
1939 2080 2013 2119 sub
2036 2082 2170 2133 apice:

303 2152 450 2192 annulo
483 2151 600 2192 fusco
643 2165 766 2204 saepe
798 2153 1037 2205 interrupto.
1097 2154 1235 2193 Tibiae
1268 2153 1438 2205 spinulis
1470 2153 1633 2193 minutis
1665 2154 1793 2207 nigris
1826 2154 2005 2193 ciliatac:
2051 2159 2170 2194 ante-

300 2226 433 2265 riores
465 2225 606 2265 subtus
639 2227 748 2265 circa
781 2226 954 2265 medium
988 2240 1077 2266 eum
1109 2227 1315 2267 denticulo
1346 2226 1516 2266 normali
1549 2227 1587 2265 in
1618 2226 1692 2265 hac
1726 2227 1844 2267 tribu.

344 2314 463 2348 Nota.
504 2315 620 2358 Pupae
652 2314 750 2356 hujus
783 2316 910 2357 speciei
944 2318 1050 2360 magis
1082 2322 1200 2349 tenues
1233 2323 1265 2349 et
1295 2318 1501 2360 depressae,
1533 2316 1677 2348 ambitus
1709 2316 1819 2359 clypei
1844 2322 1877 2349 et
1904 2317 2041 2360 pronoti
2064 2316 2169 2349 latera

501 2378 762 2411 membranacea
788 2377 901 2410 setulis
928 2380 1061 2411 minutis
1088 2379 1196 2412 ciliata
1222 2385 1316 2420 sunt,
1341 2390 1428 2422 quae
1451 2379 1558 2410 serius
1584 2378 1753 2411 decidunt.
1795 2379 1893 2421 Apud
1919 2380 2082 2422 imagines
2107 2380 2171 2411 rite

498 2439 670 2480 evolutas,
697 2441 915 2473 membranae
940 2442 1215 2483 hemielytrorum
1242 2442 1432 2474 abdominis
1458 2443 1588 2484 apicem
1607 2453 1725 2485 parum
1746 2442 1930 2482 excedunt,
1955 2442 2041 2483 apud
2061 2443 2171 2474 minus

498 2502 669 2544 perfectas
694 2504 847 2546 margine
871 2503 959 2535 illius
984 2506 1194 2546 posteriore⁷
1224 2505 1402 2536 breviores
1434 2511 1512 2537 suut
1568 2505 1660 2537 Inter
1689 2504 1878 2536 declaratas
1903 2503 2113 2546 frequentior
2138 2505 2170 2536 in

498 2564 672 2597 Lithuania
699 2565 806 2597 media
834 2570 885 2598 est
906 2566 1052 2598 varietas
1078 2567 1203 2599 annulo
1230 2566 1373 2600 ventrali
1398 2568 1515 2610 nigro,
1550 2569 1606 2611 qui
1631 2569 1828 2610 praesertim
1854 2577 1980 2599 marem
2007 2567 2171 2611 designat,

496 2628 770 2671 membranisque
795 2628 1069 2671 hemielytrorum
1097 2629 1322 2662 brevioribus.
1795 2625 1799 2628 ’

304 2706 600 2747 Subdivisio
634 2707 833 2748 Secunda.
895 2707 1112 2748 Pronotum
1151 2709 1332 2761 margine
1373 2708 1531 2747 alatum.
1593 2708 1750 2762 Corpus
1783 2710 2024 2762 ellipticum:
2076 2710 2167 2749 Do-

411 2793 595 2821 RYDERES
628 2781 779 2833 Spinol.
803 2786 842 2821 et
862 2781 951 2821 Am.
975 2786 1015 2821 et
1035 2781 1139 2822 Aud.
1164 2782 1278 2821 Serv,
1301 2781 1412 2821 He'm.
1439 2780 1530 2822 121.
1553 2779 1620 2823 88.

301 2883 368 2927 37.
417 2886 622 2930 Seiae.
651 2888 1056 2943 Φηιιίᾛὶηαΐαῆἓ
1088 2889 1265 2940 (Fabr.);
1307 2901 1428 2941 supra
1463 2889 1872 2935 fusco-flavescens,
1904 2890 2046 2929 subtus
2076 2890 2169 2942 pal—

412 2960 513 3009 lida,
545 2962 700 3002 macula
731 2963 884 3002 ventris
917 2962 1043 3002 basali
1075 2963 1211 3016 nigra:
1242 2964 1404 3013 pronoti
1436 2964 1618 3016 margine
1650 2963 1765 3002 alato
1788 2962 2032 3015 seutellique
2055 2964 2168 3015 apice

413 3033 584 3085 pallidis.
645 3035 770 3088 Long.
802 3034 827 3078 3
848 3035 916 3075 lin.

393 3123 511 3154 Genea>
533 3123 792 3156 umbraculatus
818 3125 919 3158 Wolf.
939 3126 1029 3158 leon.
1049 3124 1130 3157 Cim.
1152 3123 1225 3158 102.
1244 3123 1296 3157 96.
1316 3123 1396 3157 Tali.
1411 3124 1449 3156 X.
1470 3123 1633 3166 fig.9t3.11.
1652 3126 1682 3156 b.

396 3185 512 3216 (timea-
536 3187 752 3227 marqinatvs
779 3187 875 3219 Fabr.
896 3188 969 3220 Ent.
992 3194 1070 3229 syst-
1091 3187 1208 3231 Suppl.
1227 3185 1301 3219 532.
1320 3186 1375 3219 99.
