2259 3506
1010 190 1379 240 -os-

265 330 380 370 tertia
419 329 549 369 media
591 331 747 382 postice
785 329 959 378 furcata,
1004 329 1042 366 in
1081 332 1296 380 pronotum
1336 329 1632 370 continuantur.
1706 329 1748 368 ln
1787 334 1959 382 pronote
1997 332 2129 371 antico

265 404 388 443 striae
419 404 561 456 nigrae
593 403 696 441 duae
727 401 973 453 marginales
1005 400 1139 440 medio
1172 401 1250 440 late
1282 402 1552 454 interruptae,
1583 402 1685 441 duae
1719 403 1877 442 mediae
1901 404 2132 449 interiores,

262 482 303 516 et
334 477 438 516 duae
470 475 684 523 laterales,
723 486 864 513 omncs
906 486 979 513 sex
1019 474 1151 514 subito
1191 474 1407 526 abruptae,
1446 475 1697 527 aequilatae,
1737 477 1854 516 vittas
1886 477 2023 530 nigras
2055 477 2131 516 ab-

263 550 464 589 breviatas
496 547 688 591 formant:
720 547 839 586 litura
872 551 1107 587 transversa
1138 547 1331 588 normalis
1363 548 1563 589 obsoleta.
1609 548 1885 589 Antennarum
1908 554 1992 589 tres
2015 550 2131 602 prio-

262 634 329 662 res
369 620 526 661 articuli
572 620 784 673 sanguinei
830 624 896 660 aut
940 621 1353 671 aurantiaco—rubri,
1398 620 1425 662 4
1453 626 1492 661 et
1522 622 1546 662 5
1578 623 1707 675 nigriz
1760 622 1964 662 secundus
2010 623 2130 661 tertio

261 695 383 735 mullo
425 693 600 746 longior.
670 692 889 733 Scutellum
929 692 1044 732 disco
1083 693 1238 743 rufum,
1289 707 1379 734 cuin
1418 694 1588 734 maculis
1626 695 1755 748 nigris
1795 696 1994 747 quinque,
2043 695 2129 734 basi

260 770 457 821 apiceque
490 766 684 806 flavescit.
744 765 925 804 Maeuiae
958 765 1061 805 duae
1094 779 1241 818 parvae
1271 768 1413 820 nigrae
1446 768 1776 807 semicirculares
1810 768 1847 806 in
1879 768 1984 806 linea
2015 767 2130 806 basi—

262 842 333 881 lari
369 840 552 890 scutelli,
598 839 706 879 areis
746 838 1119 878 semicircularibus
1160 838 1475 880 flavescentibus
1515 841 1716 893 duplicem
1749 856 1770 880 v
1804 853 1877 881 seu
1908 840 2064 879 literam
2094 854 2129 878 w

262 914 524 955 formantibus
555 912 760 959 inclusae;
810 913 929 951 tertia
968 911 1125 951 macula
1164 913 1281 965 nigra
1313 913 1527 952 circularis
1566 914 1656 953 sinu
1687 919 1804 953 acuto
1835 914 1955 966 hujus
1986 913 2128 952 literae

260 990 471 1042 contigua,
504 990 645 1039 quarta
677 990 717 1025 et
744 985 883 1037 quinta
915 984 1117 1037 oblongae
1148 985 1369 1036 parallelae
1402 985 1476 1025 sub
1508 986 1596 1037 ipso
1628 987 1743 1038 apice
1776 986 1956 1035 scutelli,
1997 986 2128 1025 minus

259 1073 482 1114 expressae
525 1064 630 1099 sunt.
690 1058 936 1110 Hemielytra
976 1057 1079 1097 rufa.
1139 1057 1372 1098 Membrana
1416 1058 1706 1112 griseo—flava
1751 1072 1840 1099 cum
1887 1059 2044 1098 macula
2088 1060 2126 1097 in

258 1136 406 1189 angulo
443 1132 626 1172 interiori
667 1130 794 1171 fusca.
854 1130 1068 1170 Abdomen
1105 1132 1262 1183 postice
1301 1131 1542 1184 hemielytra
1581 1131 1809 1182 excedens,
1848 1132 2127 1183 marginatum,

259 1222 379 1261 supra
411 1208 592 1260 nigrum3
638 1204 820 1256 margine
859 1203 1027 1254 pulchre
1060 1204 1228 1245 maculis
1261 1204 1478 1259 quodrafis
1517 1206 1645 1258 nigris
1677 1210 1717 1244 et
1748 1206 2011 1251 aurantiacis,
2050 1217 2125 1243 va-

258 1285 428 1336 riegato.
487 1279 639 1318 Venter
670 1276 917 1316 flavescens:
960 1278 1063 1316 ostia
1096 1278 1393 1330 spiraculorum
1425 1278 1738 1318 abdominalium
1771 1278 2009 1325 concolora,
2046 1290 2123 1329 pe—

257 1355 423 1397 ctoralia
455 1352 613 1406 punctis
644 1351 774 1403 nigris
805 1349 991 1389 indicata.
1042 1350 1280 1401 Praeterea,
1311 1352 1350 1390 in
1374 1351 1535 1404 singulo
1559 1357 1863 1405 segmentorum
1884 1351 2124 1390 ventralium

257 1430 397 1478 tertio,
437 1429 581 1479 quarto
612 1428 653 1464 et
682 1424 842 1476 quinto,
881 1427 1028 1475 puncta
1059 1424 1134 1463 tria
1164 1425 1280 1477 nigra
1312 1423 1518 1464 distantia:
1563 1425 1643 1465 duo
1674 1425 1857 1465 lateralia
1888 1424 1937 1464 ad
1968 1424 2122 1476 margi-

256 1517 347 1544 nem
386 1499 632 1541 anteriorem
671 1497 738 1547 (in
778 1495 1004 1535 directione
1044 1497 1283 1536 ostiolorum
1322 1497 1615 1548 pectoralium)
1657 1500 1818 1538 tertium
1857 1497 2036 1537 centrale
2075 1496 2120 1536 ad

256 1576 477 1629 marginem
516 1571 785 1624 posteriorem
825 1570 890 1619 (in
922 1569 1146 1610 directione
1180 1571 1342 1610 carinae
1374 1570 1605 1622 sternalis).
1666 1571 1797 1611 Pedes
1836 1570 1999 1623 pilosuli
2030 1570 2121 1621 pal-

257 1651 324 1690 lidi
356 1653 423 1688 aut
453 1645 687 1698 sanguinei,
718 1642 979 1682 immaculati.
1035 1644 1206 1684 Femora
1239 1643 1405 1694 subtus,
1443 1644 1599 1696 apicem
1629 1657 1776 1685 versus
1801 1649 1957 1699 puncto
1988 1643 2120 1698 nigro.

254 1723 369 1764 Tarsi
399 1719 519 1760 modo
549 1716 709 1770 pallidi,
741 1716 860 1756 1110110
892 1716 1009 1756 susci.

298 1829 418 1861 Nota.
459 1825 620 1857 cimicem
643 1822 799 1855 luitulam
835 1826 868 1854 et
905 1822 990 1854 Cim.
1015 1823 1151 1854 varium
1177 1822 1322 1855 Fabricii
1358 1824 1391 1855 in
1428 1834 1528 1856 unam
1566 1825 1713 1867 speciem
1751 1823 2000 1856 combinandos
2036 1834 2122 1863 esse,

452 1887 597 1920 suadent
628 1895 812 1918 numerosa
845 1885 1027 1926 specimina
1061 1886 1092 1916 in
1122 1885 1238 1917 Museo
1265 1885 1472 1918 bcrolinensi
1498 1886 1680 1918 sub'Pent.
1704 1887 1808 1917 acaria
1831 1892 2019 1925 asserv=11a3
2055 1896 2121 1917 an-

452 1950 563 1982 tennis
587 1950 691 1991 nigris
717 1949 877 1980 instructa
902 1947 966 1990 (ex
993 1946 1179 1989 Hispania)
1213 1948 1252 1979 ad
1282 1947 1366 1980 Cim.
1391 1948 1547 1988 varium,
1581 1947 1776 1990 sanguineis
1806 1953 1916 1979 autem
1944 1947 1988 1991 (c
2014 1947 2119 1979 Gallia

454 2017 487 2044 et
511 2010 701 2051 Dalmatia)
733 2010 773 2042 ad
802 2009 886 2041 Cim.
912 2009 1067 2041 lunulam
1100 2015 1264 2052 spectant.
1289 2028 1331 2032 —-
1360 2010 1560 2042 Pentatoma
1583 2010 1733 2052 Erynyii
1757 2006 1799 2041 cl.
1826 2009 1935 2041 Germ.
1970 2015 2002 2041 et
2026 2010 2110 2042 Pent-

448 2074 551 2107 varia
578 2073 670 2105 Hcrr.
687 2072 831 2104 Schaeff.
858 2082 933 2103 cum
961 2071 1160 2103 Fabriciana
1187 2071 1271 2104 Cim.
1298 2071 1421 2105 lunula
1446 2072 1584 2104 omnino
1606 2072 1824 2111 conveniunt,
1847 2076 1880 2103 et
1904 2083 1923 2104 a
1949 2071 2120 2104 Podolicis

448 2146 548 2179 supra
575 2135 752 2178 descriptis
777 2144 846 2166 non
872 2133 1042 2166 differunt.

254 2237 312 2276 Su
328 2235 351 2273 b
365 2232 556 2272 divisio
587 2230 713 2269 Nona.
775 2230 902 2282 Caput
934 2231 1065 2270 antice
1097 2229 1398 2284 subintegrum,
1430 2230 1534 2271 101115
1566 2231 1698 2283 clypei
1728 2230 1963 2270 lateralibus
1994 2242 2117 2282 supra

364 2305 538 2345 medium
571 2307 713 2342 exacte
745 2303 1068 2343 conniventibus.
1119 2302 1397 2342 Antennarum
1431 2303 1625 2343 articulus
1648 2305 1854 2343 secundus
1876 2304 1995 2342 tertio
2016 2315 2115 2354 per-

363 2379 503 2430 spicue
544 2377 720 2415 brevior.
780 2375 943 2414 Pronoti
984 2376 1142 2415 humeri
1183 2377 1220 2414 in
1258 2376 1462 2415 auriculas
1494 2376 1616 2429 longe
1647 2376 1846 2428 producti.
1904 2375 2114 2415 Abdomen

360 2450 477 2491 valde
515 2450 793 2502 marginatum.
866 2448 1019 2487 Venter
1064 2460 1273 2488 convexus
1318 2461 1407 2487 cum
1452 2448 1681 2488 rudimento
1728 2449 1867 2501 spinae
1911 2448 2114 2488 basilaris.

359 2525 613 2564 Tnopmoffls
645 2522 770 2561 Halm.
803 2521 919 2561 Herr.
939 2520 1060 2561 Schff.
1091 2520 1422 2562 Wanz.V11.85.
1485 2521 1623 2563 ClMEx
1654 2522 1773 2573 Amy.
1802 2526 1842 2561 et
1870 2520 1975 2560 Aud.
1998 2521 2112 2561 Serv.

358 2594 586 2640 Hem..149.
611 2593 702 2636 108.

245 2742 311 2784 57.
358 2742 538 2786 Pent.
569 2739 799 2797 ‘rufipes
830 2741 1020 2791 (Linn.);
1053 2752 1174 2792 supra
1206 2740 1626 2793 ferrugineo—fusca,
1657 2745 1863 2793 punctata,
1895 2739 2111 2791 subopaw,

360 2816 500 2856 subtus
532 2827 622 2854 cum
654 2814 826 2867 pedibus
857 2813 1220 2866 rufo-sanguinea
1258 2813 1402 2858 nitida:
1450 2815 1611 2865 pronoti
1643 2813 1836 2853 auriculis
1867 2812 2110 2852 rotundato-

360 2888 575 2937 truncatis,
615 2888 771 2939 postice
810 2887 977 2939 abrupte
1016 2886 1248 2938 apiculatis:
1294 2891 1556 2927 antennarum
1595 2887 1682 2926 basi
1721 2885 1965 2936 scutellique
1995 2885 2109 2936 apice

357 2961 469 3002 ruiis.
530 2961 655 3014 Long.
688 2959 741 3013 63
763 2960 829 2999 lin.
1721 2968 1727 2970 *
2053 2948 2056 2951 ¹

338 3051 456 3082 (Yimeoe
481 3050 607 3093 rufipes
634 3049 726 3081 Linn.
746 3049 850 3082 Faun.
868 3061 916 3082 50.
934 3048 1011 3082 922.
1060 3048 1109 3081 De
1125 3048 1212 3081 Geer
1236 3048 1333 3080 Mem.
1352 3048 1408 3080 lll.
1422 3046 1500 3081 253.
1515 3046 1546 3081 2.
1586 3046 1684 3079 Fabr.
1710 3046 1785 3080 Ent.
1804 3046 1891 3088 Syst.
1908 3046 1963 3080 lv.
1982 3044 2036 3078 93.
2053 3044 2107 3077 56.

380 3113 496 3153 Ejusd.
522 3112 606 3153 Syst.
634 3111 761 3155 Rhyng.
782 3111 855 3147 156.
874 3113 904 3145 5.
952 3111 1028 3144 Vill.
1054 3111 1129 3144 Eut.
1154 3108 1412 3143 [10048831.
1461 3109 1605 3142 Schaeff.
1632 3111 1691 3141 ins.
1716 3115 1775 3141 rat.
1794 3108 1873 3141 Tab.
1890 3107 1984 3140 Lvll.
2005 3108 2059 3150 fig.
2075 3106 2106 3139 6.

381 3173 408 3204 Τ.
433 3176 463 3206 8.
514 3173 615 3205 Wolf.
642 3174 731 3205 leon.
761 3175 834 3205 eim.
860 3173 888 3205 ,(1
914 3172 945 3207 9.
972 3173 1091 3205 Taum.
1120 3174 1171 3213 lig.
1188 3172 1217 3205 9,
1268 3172 1461 3206 Schelle-nb.
1486 3172 1602 3204 Wanz.
1629 3171 1669 3203 ll.
1698 3170 1823 3203 Ta1›.1.
1851 3170 1904 3211 lig.
1926 3168 1957 3201 3.
2007 3169 2104 3201 Rossi
