2259 3506
243 350 412 388 vexum,
451 338 694 377 brevissime
725 336 982 389 pubescens,
1023 333 1130 385 pube
1165 338 1299 372 tamen
1332 336 1473 372 erecta
1506 332 1665 373 laterali
1699 333 1941 373 evidentiori
1975 334 2132 373 instrua

246 417 374 461 ctum,
405 411 895 464 impresso-punctatum,
929 418 1051 459 supra
1083 406 1324 459 grisescens
1356 405 1776 458 nigro-maculatum,
1809 405 1951 446 subtus
1983 406 2130 458 nigro-

245 486 421 537 piceum.
483 482 609 534 Caput
641 481 772 520 antioc
805 479 1078 519 rotundatum.
1140 478 1259 518 Oculi
1291 478 1479 517 convexi.
1532 477 1747 519 Antennae
1780 479 1958 519 obscure
1991 477 2132 517 ferru-

245 559 406 612 gineae.
458 556 675 594 Pronotuin
708 552 952 604 inaequale,
984 553 1024 592 in
1055 551 1190 592 medio
1224 551 1492 591 transversim
1516 550 1856 592 subfoveolatum.
1908 550 2131 592 Scutellum

244 630 405 682 pronoti
444 627 618 675 coloris,
660 624 862 664 abdomen
901 626 1114 677 operiens,
1152 625 1273 664 litura
1305 613 1497 677 utrinque
1531 637 1677 675 curva,
1718 626 1878 678 punctis
1910 625 2061 663 baseos
2093 626 2133 661 et

245 702 351 743 anali
383 700 512 753 nigris
554 699 593 737 in
625 697 760 737 medio
792 698 900 738 linea
933 698 1024 738 alba
1056 698 1202 752 glabra
1233 711 1307 750 per
1337 703 1553 750 pronotum
1587 710 1754 751 quoque
1785 698 1990 738 transiens
2023 707 2130 748 pun-

243 780 432 826 ctumque
465 770 628 811 scutelli
661 770 777 810 anale
818 771 1046 811 dissecans.
1107 771 1269 810 Pictura
1300 771 1404 811 haec
1435 772 1475 810 in
1505 784 1618 812 mare
1652 771 1883 811 distinctior
1915 774 1978 809 est
2010 781 2130 820 quam

244 849 284 887 in
316 846 505 886 foemina.
530 868 582 873 --
605 843 648 882 In
680 844 900 884 individuis
932 844 1169 884 recentibus
1203 848 1243 883 et
1273 843 1379 883 bene
1413 845 1669 885 conservatis
1703 844 1752 884 ad
1785 848 1940 884 certum
1970 841 2131 881 luminis

244 920 362 959 situm
402 918 443 956 in
482 921 748 968 conspectum
789 917 957 957 veniunt
996 917 1131 956 lineae
1170 916 1395 956 albicantes
1436 930 1458 957 e
1489 917 1596 968 pube
1637 917 1882 956 brevissima
1923 915 2135 961 formatae,

243 990 562 1044 longitudinales
595 990 805 1030 thoracem
838 996 877 1030 et
912 990 1130 1030 scutellum
1162 994 1437 1029 transeuntes.
1501 990 1629 1042 Caput
1661 1002 1828 1042 quoque
1868 989 1959 1029 albo
1993 987 2132 1026 micat:

244 1065 372 1118 striga
402 1062 536 1102 media
569 1062 698 1103 fusca.
744 1064 895 1103 Lineae
928 1064 1089 1116 pronoti
1121 1062 1347 1102 albicantes
1381 1075 1469 1112 sex,
1503 1076 1525 1102 e
1559 1063 1708 1115 quibus
1733 1063 1837 1102 duae
1863 1062 2006 1103 saltem
2029 1061 2131 1100 dor-

245 1137 353 1177 sales
392 1136 607 1176 scutellum
648 1140 873 1176 transeunt.
948 1136 1068 1188 Apud
1112 1135 1312 1175 foeminas
1353 1135 1402 1175 ad
1442 1136 1559 1176 basin
1599 1135 1760 1175 scutelli
1799 1135 1946 1175 adsunt
1991 1134 2131 1186 plures

244 1209 428 1250 maculae
460 1209 625 1262 nigrae,
658 1221 794 1261 neque
827 1209 943 1249 deest
974 1209 1248 1249 rudimentum
1271 1209 1418 1248 liturae
1441 1210 1585 1262 nigrae
1609 1209 1647 1248 in
1672 1209 1810 1259 diseo,
1840 1221 1917 1248 nec
1939 1211 2131 1260 punctum

243 1281 547 1331 albo-bifidum,
580 1280 689 1334 quod
722 1282 826 1333 apud
858 1294 993 1321 mares
1027 1282 1256 1321 distinctius
1290 1282 1555 1333 conspicitur.
1602 1281 1734 1322 Pedes
1766 1283 1873 1334 picei
1895 1281 2004 1321 tibiis
2028 1280 2131 1319 bre-

245 1356 351 1395 viter
390 1354 613 1406 spinulosis
655 1354 1120 1407 subquadriserialibus.
1189 1354 1440 1407 Hemielytra
1478 1354 1718 1395 alaeformia
1757 1355 1873 1405 alba,
1920 1358 2040 1394 extus
2081 1352 2130 1392 ad

242 1429 361 1469 basin
392 1427 513 1479 paulo
546 1428 750 1467 coi-iacea.

351 1501 497 1541 Forma
528 1502 558 1551 β
587 1500 863 1553 praecedente
902 1501 1033 1553 major
1071 1499 1144 1540 sed
1182 1504 1380 1552 sequente
1420 1501 1565 1539 minor.
1625 1500 1754 1553 Hujus
1795 1504 1915 1551 caput
1950 1498 2132 1545 fuscum3

242 1578 456 1626 pronotum
498 1573 657 1614 fuscum
696 1574 804 1613 linea
845 1573 998 1613 dorsali
1033 1573 1147 1621 alba3
1186 1573 1402 1613 scutellum
1436 1571 1596 1612 fuscum
1628 1573 1771 1613 eadem
1804 1574 1912 1613 linea
1943 1572 2132 1620 divisum,

241 1651 458 1699 praeterea
496 1646 648 1686 lineola
687 1648 878 1699 utrinque
919 1646 1009 1686 alba
1048 1647 1195 1686 liturae
1237 1651 1348 1686 atrae
1387 1646 1543 1694 innata;
1582 1646 1740 1698 Corpus
1781 1646 1961 1695 fuscum
2008 1645 2131 1685 tibiae

240 1720 429 1772 pallidae.

354 1793 499 1833 Forma
522 1806 547 1844 y
578 1792 751 1832 maxima
775 1791 951 1831 omnium
975 1792 1114 1845 nigra,
1146 1791 1307 1831 scutelli
1331 1790 1462 1831 lituris
1486 1790 1686 1831 obsoletis
1708 1791 1829 1831 luteis
1854 1791 2129 1845 distinguitur.

355 1866 501 1905 Forma
533 1863 558 1904 d
590 1864 867 1918 magnitudine
892 1863 1180 1916 praecedentis
1203 1865 1354 1904 eminet
1377 1863 1686 1904 characteribus
1710 1865 1749 1904 in
1773 1864 1961 1918 (liagnosi
1984 1865 2128 1905 allatiS.

354 1939 499 1978 Forma
531 1951 552 1976 ε
584 1937 861 1992 magnitudine
900 1937 1207 1989 praecedentis,
1257 1938 1389 1977 minus
1429 1937 1683 1989 pubescens,
1730 1937 1948 1988 concolor,
1996 1937 2131 1977 differt

242 2012 404 2052 lineolis
443 2010 605 2063 pallidis
635 2010 886 2061 obliteratis,
925 2010 1100 2051 scutello
1132 2011 1274 2064 nigro,
1315 2012 1355 2050 in
1388 2022 1469 2063 quo
1501 2010 1648 2051 liturae
1681 2011 1786 2052 duae
1819 2012 2129 2052 sericeo-atrae

243 2085 469 2126 obsoletae.

242 2206 309 2248 21.
359 2205 469 2251 (hl.
504 2205 937 2249 carbonaria*
959 2206 1212 2257 (Zetterst.);
1243 2207 1473 2260 nigricans,
1504 2212 1713 2259 punctata,
1744 2208 1996 2259 pubescens,
2028 2219 2129 2248 scu-

356 2279 442 2319 telli
472 2279 631 2330 postico
662 2278 820 2318 macula
851 2279 1042 2331 utrinque
1075 2279 1276 2333 oblonga,
1314 2285 1548 2332 punctoque
1589 2281 1629 2320 in
1668 2280 1802 2321 medio
1845 2281 1990 2334 majori
2022 2281 2129 2320 linea

357 2351 472 2392 fusca
504 2351 657 2400 diviso,
690 2351 906 2391 aterrimis.
966 2352 1153 2392 Zetterst.
1183 2353 1274 2392 Act.
1297 2352 1428 2393 Holm.
1455 2350 1574 2395 1819.
1600 2364 1636 2404 p.
1655 2352 1723 2394 70.

340 2443 464 2484 Tetyra
487 2439 701 2472 carbonaria
727 2438 810 2472 Zett.
832 2439 915 2472 Fall.
936 2439 1030 2472 Hem.
1049 2452 1099 2473 su.
1123 2439 1175 2474 13.
1193 2439 1226 2474 3.

356 2520 518 2560 Habitat
548 2520 588 2558 in
621 2519 732 2571 agris
766 2519 889 2559 siccis
921 2519 1119 2572 lapidosis
1151 2519 1389 2559 Lithuaniae
1420 2520 1569 2559 rarius.

356 2589 677 2633 Oclontoscelicle
695 2589 937 2647 fuliginosa
970 2605 997 2630 α
1038 2592 1162 2632 multo
1209 2593 1339 2646 major
1384 2604 1415 2633 s,
1464 2590 1614 2649 ijlno
1646 2591 1824 2633 bicolore
1868 2594 1936 2632 vix
1983 2593 2128 2632 minor.

246 2668 403 2718 Corpus
445 2665 862 2719 griseo-nigricans,
904 2677 1027 2717 supra
1066 2666 1248 2706 breviter
1286 2665 1657 2720 nigro-villosum.
1719 2665 1847 2717 Caput
1876 2665 2127 2718 triangulare

245 2739 476 2779 rudimento
514 2738 715 2777 linearum
754 2736 999 2778 frontalium.
1074 2738 1293 2779 Pronotum
1333 2750 1563 2779 convexum
1601 2738 1898 2791 punctulatum,
1935 2739 2127 2791 utrinque

247 2812 297 2852 ad
327 2812 455 2852 latera
488 2811 746 2863 impressum.
805 2810 1028 2851 Scutellum
1060 2815 1185 2851 toturn
1217 2811 1418 2851 abdomen
1450 2812 1672 2865 obtegens,
1704 2811 2005 2863 punctulatum,
2037 2824 2126 2851 ma·-

248 2886 350 2926 culis
381 2883 406 2924 3
439 2883 735 2933 holosericeis,
767 2882 899 2923 media
932 2883 1105 2924 obovata
1137 2884 1330 2933 rotunda,
1362 2884 1600 2924 lateralibus
1626 2888 1759 2923 autem
1782 2883 2128 2937 ovato-oblongis

248 2959 362 3009 apice
403 2956 544 2997 acutis.
615 2956 740 2996 Linea
776 2961 995 3009 praeterea
1034 2957 1200 2997 cinerea
1238 2961 1365 2997 totum
1405 2957 1549 2997 transit
1588 2956 1802 2997 scutellum
1843 2956 2127 3009 maculamque

249 3030 423 3070 mediam
455 3032 579 3069 secat.
640 3028 888 3081 Hemielytra
922 3034 1155 3083 angustata,
1188 3030 1348 3079 brevia,
1379 3030 1516 3081 picea:
1549 3029 1782 3068 membrana
1814 3041 1973 3082 magna,
2004 3030 2126 3070 lutea.

250 3101 379 3141 Pedes
419 3102 546 3155 nigri,
587 3100 720 3149 nitidi,
758 3102 879 3152 paulo
919 3102 1054 3154 pilosi.
1115 3102 1254 3142 Tibiae
1292 3103 1533 3154 praesertim
1566 3102 1794 3142 anteriores
1826 3102 2007 3142 breviter
2038 3103 2125 3156 spi—

249 3173 419 3214 nulosae
452 3186 527 3214 nec
559 3174 610 3213 ita
643 3173 856 3214 evidenter
886 3175 942 3214 uti
975 3175 1015 3215 in
1047 3179 1246 3227 sequente
1280 3175 1431 3227 specie.
1492 3174 1607 3215 Tarsi
1640 3174 1688 3215 ad
1724 3175 1839 3215 basin
1871 3175 1959 3215 rufi.
