2259 3506
1024 206 1095 211 ——
1176 177 1243 227 (50
1323 206 1395 211 —

477 333 519 338 --
548 317 683 359 Cydnus
710 315 798 358 apud
827 312 920 345 tlahn
949 312 1091 355 (Wanz.
1117 312 1156 344 ll.
1182 312 1380 346 Tab.XXV.
1404 312 1540 357 figet)
1566 314 1720 358 depictus
1744 324 1806 357 per
1832 323 1982 346 errorem
2008 313 2151 347 chalco-

478 377 596 419 graphi
627 378 760 420 niqrita
794 376 974 416 inscriptus
1009 375 1050 406 ad
1087 374 1169 417 Gya.
1195 374 1383 407 Morionem
1408 374 1503 408 Linn.
1530 381 1562 408 et
1585 375 1684 409 Fabr.
1709 377 1872 420 pertinet,
1907 386 2008 409 verus
2040 381 2152 409 autem

479 439 551 480 ejus
578 439 614 471 C.
640 439 773 480 nim-ita
798 436 939 480 (Wanz.
958 436 996 468 ΙΙ.
1018 434 1092 469 168.
1111 436 1191 469 Tab.
1208 435 1503 481 XXV1.fig.187)
1533 438 1631 471 simili
1659 449 1774 472 errore
1798 440 1832 471 in
1859 438 1940 481 Cyd.
1966 438 2154 471 Marionem

479 505 686 543 permutatus
714 498 823 539 „totus
849 509 924 530 cum
950 498 1106 531 antennis
1131 500 1299 543 tarsisque
1321 501 1452 544 niger“‚
1477 501 1681 534 modificatio
1700 501 1781 534 mihi
1797 501 1867 535 veri
1887 500 1969 544 Cyd.
1986 500 2154 533 Marionis

481 562 622 595 videtur.
649 580 691 584 --
716 561 826 594 Dubia
851 571 926 593 mea
951 561 984 593 in
1010 560 1074 593 hac
1098 571 1137 593 re
1161 561 1296 595 solvent
1320 563 1352 594 in
1379 569 1553 607 posterum
1579 564 1758 608 autoptael

278 660 346 702 28.
396 660 578 716 Cydn-
596 659 978 718 flavicornis
999 664 1176 714 (Fabr.);
1207 664 1487 719 fusco—niger,
1520 666 1756 719 subplanus‚
1786 669 2014 717 punctam,
2037 663 2153 704 clavo

390 735 491 774 corii
521 734 877 788 hemielytrorum,
908 736 1102 788 pedibus,
1136 739 1404 791 antennisque
1436 739 1708 793 serrugincis3
1756 743 1929 791 pronoto
1960 737 2152 790 tibiisque

389 807 547 847 ciliatis.
580 832 631 836 —
663 809 790 863 Long.
822 809 1064 864 2—2}1111.

370 896 488 928 Cimea:
511 898 710 939 slavicornis
735 898 837 933 Fabr.
854 900 929 932 Ent.
948 906 1027 942 syst.
1046 900 1099 933 IV.
1120 898 1195 932 124.
1216 898 1291 934 170.
1339 901 1442 934 Panz.
1460 901 1564 935 Faun.
1583 912 1688 947 germ.
1707 899 1762 935 33.
1779 899 1824 934 23
1842 899 2013 945 (optiml).
2063 899 2159 933 Wolf

411 959 505 992 Icon.
524 959 606 993 Cim.
625 958 679 993 66.
699 958 753 994 63.
772 961 938 994 Tah.vl1.
958 962 1014 1006 fig.
1028 960 1082 996 63.
1097 974 1125 995 a.
1142 963 1175 997 b.
1194 962 1351 1015 (bonai).

369 1022 506 1066 Cydnus
524 1023 723 1064 slavicornis
741 1023 841 1057 Fabr.
859 1024 945 1066 Syst.
964 1023 1100 1068 Rhyng.
1121 1023 1196 1058 184.
1215 1024 1246 1058 2.
1273 1025 1380 1059 Hahn.
1399 1026 1515 1060 Wanz.
1534 1026 1558 1059 Ι.
1582 1025 1657 1060 170.
1676 1025 1757 1059 Tab.
1771 1025 1889 1059 XXVI.
1907 1026 1964 1069 fig.
1977 1023 2022 1058 89
2040 1023 2156 1069 (opt).

370 1083 590 1126 Cyrtomenus
614 1086 813 1127 flavit-ornis
837 1086 935 1129 Amy.
960 1092 992 1119 et
1010 1086 1098 1120 Aud.
1118 1087 1211 1121 Serv.
1231 1088 1325 1121 Hem.
1343 1087 1397 1122 91.
1419 1089 1459 1121 in
1482 1100 1502 1121 n
1515 1094 1595 1121 ota.

369 1146 579 1179 Philammus
603 1147 700 1189 Amy.
721 1147 797 1180 Ent.
816 1148 938 1193 Frane.
956 1147 1010 1182 60.
1031 1147 1085 1183 38.

370 1224 506 1268 Cydnus
522 1226 632 1258 Morio
650 1226 760 1259 Pertb.
778 1227 871 1260 MSS.
889 1227 956 1261 lns.
974 1227 1081 1261 Lithu.
1103 1234 1135 1261 et
1150 1228 1271 1262 Polon.
1291 1240 1331 1262 ex
1348 1240 1438 1262 anuo
1454 1228 1552 1264 1802.
1569 1229 1643 1264 167.
1660 1230 1716 1274 fig.
1730 1229 1751 1263 4
1772 1234 1888 1262 exacte
1904 1229 2096 1272 'descriptus
2112 1227 2155 1272 ¹).

392 1305 548 1346 Habitat
586 1307 626 1346 in
666 1308 911 1360 graminosis
952 1308 1074 1348 siccis
1115 1321 1188 1360 per
1227 1313 1348 1349 totam
1379 1308 1630 1349 Lithuaniam
1671 1315 1710 1350 et
1739 1309 2005 1363 Volhyniam3
2046 1309 2157 1348 circa

280 1376 515 1418 Varsaviani
547 1379 793 1430 (Pertlicsl).

391 1450 527 1491 Variat
556 1453 597 1491 in
626 1453 904 1507 magnitudine
936 1454 1102 1494 multum
1132 1459 1172 1495 et
1194 1455 1356 1505 colore,
1388 1455 1461 1495 sed
1483 1468 1504 1495 a
1527 1456 1800 1508 praecedente
1822 1455 2157 1508 hemielytrorum

280 1523 396 1565 clavo
427 1524 686 1579 ferrugineo,
717 1527 973 1580 pedibusque
1006 1529 1182 1580 spinosis
1214 1529 1344 1569 statim
1376 1528 1522 1569 differt.

392 1598 518 1651 Caput
547 1600 666 1651 paulo
699 1600 920 1651 declivius,
953 1601 1172 1654 superficie
1194 1603 1325 1655 magis
1348 1602 1574 1654 inaequali,
1606 1602 1750 1654 clypeo
1774 1602 1957 1655 margine
1980 1601 2157 1642 obscure

281 1668 532 1725 ferrugineo.
582 1673 799 1714 Pronotum
830 1676 899 1715 vix
929 1676 1131 1727 impresso
1164 1679 1395 1727 punctatum
1428 1680 1468 1715 et
1488 1675 1728 1728 hemiclytra
1749 1676 1908 1728 punctis
1929 1675 2157 1715 rarioribus

280 1754 362 1782 non
399 1744 452 1783 ita
490 1746 703 1797 profundis
742 1748 939 1800 impressa
980 1753 1084 1789 sunt.
1144 1747 1217 1787 Pili
1247 1747 1323 1787 rufi
1354 1748 1476 1801 rigidi
1508 1747 1682 1787 frontem
1714 1749 2022 1802 marginemque
2053 1760 2156 1801 pro—

281 1816 364 1856 noti
395 1817 556 1858 ciliatim
589 1820 852 1860 circumdant.
914 1821 1038 1861 Color
1066 1822 1190 1862 totius
1221 1821 1261 1860 in
1291 1820 1452 1874 piceum
1483 1833 1682 1874 vergens,
1715 1826 1755 1861 et
1785 1827 1984 1862 antennae
2016 1821 2156 1862 ferru-

281 1890 428 1943 gineae
459 1892 641 1933 articulis
673 1893 867 1934 brevibus
896 1894 1284 1935 submoniliformes.

392 1964 429 2004 A
461 1971 660 2018 sequente
685 1965 820 2024 C'yrln.
843 1967 1032 2007 Morione
1063 1969 1194 2009 statim
1224 1967 1450 2019 pilositate,
1481 1971 1747 2007 antennarum
1779 1972 1982 2008 structura
2013 1972 2053 2008 et
2079 1980 2156 2008 co-

281 2037 392 2088 lore,
423 2038 679 2093 pedibusque
710 2041 804 2081 totis
836 2040 1086 2094 ferrugineis
1118 2040 1277 2081 abunde
1310 2039 1456 2080 differt.

284 2127 582 2170 Subdivisio
615 2131 762 2171 Tertia.
824 2130 983 2184 Corpus
1023 2131 1162 2182 ovale,
1213 2129 1612 2184 depressiusculum‚
1662 2131 2157 2183 impresso-punctatum,

395 2203 577 2256 margine
609 2204 649 2243 in
679 2204 829 2244 ambitu
860 2204 1033 2256 nudum,
1065 2217 1146 2245 non
1178 2204 1369 2245 ciliatum.
1428 2202 1707 2243 Antennarum
1738 2203 1899 2244 articuli
1931 2204 2157 2257 subaequi-

393 2274 527 2329 longi,
574 2281 658 2317 tres
700 2277 829 2317 ultimi
877 2278 1118 2318 crassiores.
1195 2277 1334 2316 Tibiae
1378 2276 1535 2316 validae
1581 2276 1784 2316 serialiter
1829 2277 2158 2331 multispinosae:

395 2347 577 2389 Sssfflnns
599 2349 717 2402 Amy.
741 2355 780 2390 et
802 2349 906 2389 And.
932 2350 1047 2391 Serv.
1070 2350 1183 2389 Hem.
1206 2348 1275 2391 96.
1299 2347 1363 2391 63.

483 2438 509 2464 ἦ
543 2439 724 2494 Corpore
754 2438 969 2480 concolore
993 2438 1093 2494 plus
1124 2454 1159 2479 v.
1191 2439 1324 2478 minus
1355 2439 1475 2494 nigro
1507 2437 1766 2480 immaculato
1778 2457 1790 2478 .-

375 2571 411 2617 1)
439 2573 502 2614 „Je
525 2580 689 2618 rapporte
713 2576 755 2608 ici
781 2586 849 2608 une
868 2575 1015 2608 Punaise
1040 2574 1122 2607 trois
1149 2574 1214 2606 sois
1240 2573 1316 2617 plus
1342 2573 1444 2616 petite
1470 2572 1528 2615 (cn
1556 2575 1794 2617 comparaison
1819 2574 1863 2615 dc
1888 2584 1951 2606 son
1971 2573 2028 2616 Cy.
2047 2573 2159 2606 tristis

287 2631 363 2672 „qui
397 2636 446 2663 est
469 2631 635 2664 veritable
659 2630 813 2675 Mento),
846 2631 994 2675 laquelle
1028 2642 1046 2664 a
1072 2629 1220 2674 quelque
1254 2629 1359 2661 chose
1392 2629 1639 2672 (l’approchant
1664 2630 1774 2674 (sicl)
1808 2642 1826 2663 a
1851 2636 1926 2663 tout
1957 2630 2061 2674 egard
2094 2630 2159 2663 elle

287 2692 360 2725 „est
384 2687 460 2730 plus
485 2689 594 2721 ronde
619 2699 685 2732 que
709 2688 840 2721 l’autre.
888 2687 989 2729 Toto.
1021 2687 1173 2719 corcelet
1204 2692 1235 2718 et
1270 2690 1402 2718 surtout.
1426 2686 1596 2718 l'ecusson
1624 2693 1702 2719 sont
1727 2688 1861 2729 noires,
1891 2689 1975 2720 mais
2001 2687 2050 2720 les
2076 2688 2161 2719 etuis

288 2748 387 2781 „sont
419 2745 458 2776 de
482 2745 621 2777 couleur
651 2746 691 2777 (Ie
720 2746 803 2789 poiae
837 2750 869 2777 et
902 2745 978 2776 leur
1009 2744 1094 2777 bord
1128 2743 1320 2775 l'extericur
1352 2748 1382 2774 ct
1416 2749 1568 2775 sourtout
1592 2743 1809 2784 l'inteirieur,
1843 2749 1920 2776 sont
1951 2743 2028 2786 plus
2061 2742 2161 2776 clairs

289 2806 342 2839 „et
368 2806 427 2832 ont
451 2812 494 2833 un
521 2804 569 2834 air
593 2803 636 2834 (le
662 2814 766 2843 rouoe,
796 2814 834 2834 ce
860 2803 915 2846 qui
941 2801 1017 2840 tait,
1049 2801 1099 2833 les
1126 2801 1210 2833 etuis
1237 2799 1332 2840 clos.
1359 2799 1438 2842 qu'il
1463 2801 1589 2843 parait7
1625 2811 1688 2843 que
1714 2800 1880 2832 l'e'cusson
1906 2802 1971 2833 soit
1996 2800 2098 2832 borde‘
2122 2800 2162 2832 de

289 2856 400 2896 „brun
425 2869 531 2890 rouoe:
567 2858 598 2890 la
627 2861 734 2902 partie
766 2864 1003 2902 transparente
1039 2864 1090 2891 est
1126 2858 1193 2902 gris
1225 2856 1381 2889 blanche.
1431 2855 1481 2887 En
1519 2857 1639 2889 (lessus
1676 2857 1829 2889 l'insecte
1869 2862 1919 2889 est
1951 2857 2046 2897 noir,
2075 2857 2160 2889 mais

290 2924 443 2952 „nuance
469 2925 601 2946 comme
626 2915 657 2947 le
684 2915 851 2957 corcelet⁷
877 2926 916 2948 en
944 2915 1088 2949 dessous
1116 2926 1134 2947 a
1159 2913 1191 2945 la
1217 2911 1357 2945 couleur
1382 2912 1425 2945 de
1445 2914 1540 2957 poioe.
1587 2912 1650 2946 Les
1674 2919 1784 2957 pattes
1809 2919 1886 2947 sont
1910 2913 2019 2945 moins
2046 2913 2160 2945 noires

291 2975 344 3008 „et
367 2975 479 3002 tontes
505 2971 547 3002 de
573 2971 713 3004 couleur
734 2973 991 3016 piceum-elain*
1018 2971 1110 3014 (sic).
1158 2969 1221 3002 Les
1246 2972 1374 3001 cuisses
1401 2976 1460 3003 ont
1485 2971 1530 3003 du
1550 2970 1623 3014 poil
1647 2972 1730 3003 mais
1765 2970 1810 3003 [e‘s
1837 2970 1922 3002 libes
1946 2975 2023 3002 sont
2047 2970 2160 3013 garnis

291 3026 372 3065 „des
399 3027 504 3059 sortes
531 3028 656 3069 epines.
706 3029 788 3061 Mais
814 3040 880 3062 une
912 3029 1107 3061 distinction
1139 3026 1353 3070 particuliere
1385 3039 1419 3059 se
1449 3029 1517 3060 voit
1544 3039 1590 3060 au
1616 3027 1699 3060 bord
1722 3028 1761 3060 (Ie
1782 3033 1924 3071 pat-tout
1948 3033 1997 3059 est
2020 3039 2068 3059 vn
2090 3026 2163 3070 poi!

292 3085 421 3125 „ranae
452 3095 493 3116 en
526 3090 609 3116 cette
633 3086 764 3128 partic,
799 3087 947 3130 quoique
978 3085 1009 3118 la
1041 3085 1186 3128 poitrine
1220 3089 1251 3116 ct
1276 3083 1470 3117 l’abdomen
1502 3090 1579 3117 sont
1604 3086 1711 3117 tisscs.
1760 3084 1823 3117 Les
1850 3090 2015 3117 antenncs
2041 3089 2117 3116 sont
2141 3084 2159 3114 a

295 3137 333 3177 ,75
359 3138 587 3173 articulations
613 3142 652 3173 ‹le
678 3142 814 3174 couleur
839 3143 879 3176 cle
901 3143 985 3187 poia:
1010 3142 1100 3175 cluit·
1132 3147 1161 3174 e(
1193 3141 1235 3173 ils
1262 3146 1334 3172 son!
1361 3147 1493 3174 com-tes
1527 3147 1558 3173 et
1591 3153 1711 3174 comme
1734 3142 1870 3184 perles]
1903 3140 1996 3183 (scil.
2024 3139 2160 3172 monili-

294 3195 489 3239 ..l'ormes).“
520 3218 559 3221 *a*
586 3197 692 3241 Long.
718 3197 761 3235 2¹
780 3199 835 3231 lin.
