2259 3506
836 200 1202 251 -15-

210 344 246 386 §.
271 337 334 381 19.
386 337 600 378 Generatio
641 350 714 391 per
744 350 887 378 annum
920 339 1158 391 saepissime
1191 338 1359 392 duplex,
1397 339 1474 380 alia
1503 352 1647 380 versus
1679 340 1794 380 finem
1825 343 1946 389 verss,

100 411 178 452 alia
208 423 352 452 versus
382 410 500 450 finem
532 412 707 451 aestatis.
766 410 827 450 Ex
867 410 1001 462 altera]
1030 410 1169 462 plures
1201 416 1291 452 ante
1322 412 1476 464 hyemis
1513 415 1789 465 tempestatem
1821 414 1945 454 abso—

99 484 178 524 luta
205 483 537 535 metamorphosi,
573 483 709 523 larvae
742 495 831 522 cum
862 482 1102 535 imaginibus
1135 483 1209 522 sub
1242 485 1394 524 cortice
1426 484 1613 525 arborum
1645 485 1718 524 sub
1749 486 1946 538 lapidibus

98 557 324 609 plantisque
361 556 577 595 exsiccatis
618 557 657 595 in
696 560 861 607 torpore
894 555 1139 607 hybernant,
1183 559 1223 594 et
1258 557 1384 608 prima
1414 569 1511 597 vere
1540 557 1665 598 radiis
1702 558 1800 598 solis
1830 559 1946 599 refo-

97 629 273 678 cillatae,
304 628 643 681 metamorphosin
674 640 785 667 suam
816 631 1002 680 pergunt.

206 706 243 749 §-
265 700 330 742 20.
382 701 467 741 Ova
497 701 588 740 loco
619 711 691 752 pro
722 699 830 738 victu
860 703 900 738 et
930 698 1147 739 securitate
1178 700 1304 752 prolis
1335 700 1481 741 idoneo
1512 703 1730 743 comittunt.
1779 704 1948 744 Pleros-

98 784 177 824 que
208 785 348 814 eorum
380 773 452 813 sub
485 772 635 811 cortice
664 771 853 811 arborum
882 771 947 810 vel
979 771 1027 811 ad
1057 771 1217 811 radices
1248 771 1469 824 plantarum
1500 777 1736 828 progeniem
1768 777 1947 817 abscon-

96 845 194 885 dere
225 847 415 886 creditur.
477 843 725 884 Geocorisae
757 843 895 895 plures
926 843 994 883 illa
1026 845 1281 896 symmetrice
1312 845 1352 884 in
1384 847 1513 885 series
1544 849 1839 890 transversales
1870 863 1947 903 pa-

95 917 215 970 ginae
247 918 447 970 superiori
478 917 667 957 foliorum
699 915 959 970 adglutinant.
1011 916 1138 956 Ovula
1169 916 1270 956 haec
1303 916 1602 969 sphaeroidalia
1627 925 1693 960 aut
1713 922 1949 974 cylindrica,

94 990 210 1042 nigra
246 990 483 1030 nitidissima
513 987 682 1030 Nabidis
712 987 980 1043 szcbqpterae,
1021 989 1376 1043 nigro-plumbea
1411 991 1621 1044 variegata
1651 992 1949 1034 Pentatomatis

94 1067 286 1109 ornatae,
325 1062 575 1102 rufescentia
605 1060 905 1118 Syromasticlis
934 1063 1176 1117 marginali,
1218 1061 1340 1101 rubra
1370 1061 1509 1102 Corizi
1533 1062 1811 1121 Hyoseyami,
1848 1080 1947 1119 pra-

100 1135 187 1175 sina
219 1134 399 1191 Tetyrcze
427 1134 627 1182 Maurae,
658 1134 1075 1188 albo—margaritacea
1105 1133 1420 1190 Pyrrhocoridis
1450 1140 1637 1190 ορίεναε,
1668 1138 1949 1190 griseo—mar—

95 1208 301 1260 garitacea
337 1206 637 1247 Pentatomatis
656 1207 952 1262 punctipennis
983 1220 1017 1247 e.
1048 1220 1078 1247 5.
1103 1220 1160 1260 p.,
1211 1208 1521 1261 sporangiorum
1566 1209 1606 1248 in
1643 1208 1793 1251 Muscis
1837 1225 1949 1252 more

94 1280 290 1333 operculo
321 1280 581 1329 clauduntur,
613 1284 653 1319 et
683 1281 723 1319 in
754 1279 903 1319 ambitu
934 1279 984 1319 ad
1015 1281 1237 1333 marginem
1267 1285 1396 1320 testae
1427 1279 1667 1321 follicularis
1691 1288 1782 1335 post
1802 1284 1950 1324 exclu-

95 1353 249 1392 sionem
285 1353 404 1405 pulli,
443 1353 675 1405 conspicuis
716 1352 819 1392 ciliis
863 1353 1059 1393 instructa
1097 1357 1200 1393 sunt.
1251 1376 1303 1381 ——
1348 1352 1650 1405 Hydrocorisae
1688 1356 1807 1396 ovula
1838 1356 1951 1397 folli-

94 1425 226 1466 culata
257 1425 437 1466 solitaria
474 1437 596 1478 supra
628 1424 705 1464 filis
736 1424 1063 1478 appendiculata,
1093 1425 1239 1478 plantis
1271 1426 1495 1466 submersis
1527 1426 1787 1480 adglutinant.

201 1497 326 1546 §.21.
385 1497 522 1552 Imago
561 1497 648 1538 sola
687 1497 947 1537 characteres
988 1499 1270 1550 systematicos
1317 1503 1533 1539 conservat
1572 1513 1697 1552 quare
1736 1501 1873 1542 larvae
1912 1507 1951 1542 et

93 1583 249 1624 puppae
271 1570 418 1622 <§.17)
450 1571 499 1610 ad
530 1569 822 1622 comparandas
853 1574 1003 1610 tantum
1034 1583 1124 1610 cum
1155 1571 1234 1611 illis
1266 1572 1463 1625 imagines
1485 1571 1679 1623 idoneae,
1709 1574 1822 1627 ipsae
1844 1587 1948 1615 con-

93 1643 330 1684 temnendae
362 1647 402 1683 et
432 1644 518 1683 sine
551 1655 704 1683 summa
733 1643 983 1695 experientia
1015 1643 1201 1684 diuturna
1232 1644 1337 1684 haud
1370 1644 1720 1696 determinandae,
1750 1648 1948 1699 rejicien-

94 1717 169 1757 dae
206 1721 308 1757 sunt.
369 1716 528 1757 Solerte
568 1720 698 1755 autern
736 1715 1015 1755 observandus
1058 1728 1182 1756 sexus
1214 1718 1280 1767 (ἕ.
1307 1715 1351 1758 11
1387 1715 1525 1768 et18)
1564 1718 1603 1757 in
1643 1719 1807 1770 copula,
1844 1733 1948 1772 quae

93 1789 181 1830 sola
211 1790 357 1841 optime
387 1793 554 1841 tutoque
584 1799 718 1828 mares
750 1788 991 1828 foeminibus
1022 1789 1062 1828 in
1093 1789 1335 1829 collectione
1367 1790 1610 1844 adjungere,
1641 1792 1844 1844 permittit.

202 1866 239 1909 §.
262 1860 328 1903 22.
374 1861 490 1901 Justa
519 1865 559 1901 et
590 1861 815 1913 adaequata
848 1860 1127 1900 determinatio
1159 1863 1320 1914 species
1353 1864 1584 1904 exsiccatae
1614 1864 1829 1916 impeditur
1849 1878 1946 1918 par—

91 1935 158 1975 tim
189 1934 355 1974 mollitie
386 1934 437 1974 ob
470 1947 588 1987 quam
620 1946 768 1986 corpus
805 1934 1054 1974 exsiccatum
1093 1939 1336 1988 corrugatur
1365 1940 1404 1975 et
1434 1937 1765 1991 transfiguratur,
1804 1939 1945 1990 partim

92 2008 308 2048 mutatione
341 2007 491 2048 coloris
523 2020 647 2060 saepe
679 2007 946 2046 diversissimi
984 2007 1026 2045 in
1056 2007 1212 2046 insecto
1251 2008 1343 2047 vivo
1375 2012 1414 2048 et
1443 2013 1620 2059 mortuo,
1659 2023 1680 2049 a
1712 2022 1792 2062 quo
1824 2011 1945 2051 diffe-

91 2081 245 2120 rentiae
276 2080 382 2120 haud
407 2091 501 2119 raro
533 2079 690 2119 desumi
720 2083 901 2131 possunt.
962 2079 1028 2119 Sic
1059 2079 1358 2120 Astemmilides
1389 2092 1561 2133 corpore
1592 2082 1702 2122 molli
1733 2087 1772 2122 et
1800 2087 1943 2124 tenero

92 2154 235 2206 majori
264 2165 317 2192 ex
345 2156 459 2205 parte
497 2156 588 2204 post
618 2151 767 2191 obitum
798 2152 995 2191 contracti
1028 2156 1068 2191 et
1106 2153 1311 2206 corrugati
1341 2154 1444 2194 vivis
1474 2155 1543 2194 vix
1573 2155 1725 2195 similes
1757 2157 1944 2208 evadunt,

91 2227 184 2266 dum
213 2224 459 2280 Longiscuti
492 2225 741 2277 aliarumque
779 2224 1033 2264 Familiarum
1074 2226 1234 2277 species
1272 2238 1351 2266 non
1389 2228 1570 2280 exceptis
1608 2226 1942 2272 Membranaceis.

90 2298 196 2340 haud
227 2309 324 2339 suos
355 2296 614 2337 characteres
645 2296 863 2350 organicos
895 2298 1087 2337 amittunt.

200 2371 458 2411 Mutationem
489 2370 639 2410 coloris
670 2370 1027 2422 Heteropterorum
1068 2371 1108 2410 in
1147 2375 1288 2411 natura
1329 2371 1520 2412 dermatis
1553 2374 1737 2425 corporis
1769 2375 1843 2415 sub
1874 2376 1940 2415 in—

90 2445 201 2485 fluxu
226 2443 436 2496 temperiei
468 2443 596 2492 aeris,
636 2443 727 2482 anni
757 2443 1006 2495 tempestatis
1037 2444 1262 2497 aetatisque
1292 2446 1461 2497 positam
1493 2456 1609 2496 esse,
1647 2450 1687 2485 et
1716 2445 1939 2487 faciliorem

91 2530 210 2570 quam
245 2517 286 2556 in
324 2515 413 2556 aliis
450 2515 637 2565 insectis,
682 2515 893 2555 diuturnae
934 2515 1242 2557 observat10nes
1283 2517 1529 2557 confirmant.
1588 2518 1734 2559 Derma
1778 2520 1855 2559 hoc
1899 2521 1938 2561 in

90 2590 267 2630 decursu
296 2589 401 2629 vitae
433 2589 578 2628 insecti
609 2588 802 2642 analogas
833 2588 982 2641 phases
1023 2589 1173 2630 coloris
1204 2589 1392 2630 foliorum
1424 2602 1623 2642 sequere,
1662 2591 1767 2631 haud
1797 2594 1937 2644 paucis

89 2663 284 2716 probatur
314 2662 511 2715 exemplis
542 2662 582 2702 in
611 2661 793 2713 pluribus
823 2660 1187 2712 Pentatomatibus,
1218 2660 1628 2702 Acanthosomatihus
1659 2667 1699 2702 et
1726 2662 1935 2721 Phytoco-

89 2733 263 2785 rislihus,
295 2747 398 2788 quae
425 2734 578 2774 virides
610 2738 783 2783 aestate,
813 2734 1080 2775 rubescentes
1112 2739 1178 2776 aut
1198 2735 1338 2775 fuscae
1361 2735 1576 2775 autumnali
1596 2739 1790 2788 tempore,
1821 2750 1935 2777 mor-

88 2810 166 2848 tuis
204 2807 311 2848 foliis
350 2807 489 2848 colore
529 2807 681 2848 similes
719 2806 904 2847 evadunt.
965 2808 1046 2850 Sed
1084 2813 1123 2848 et
1154 2808 1255 2848 aliae
1286 2807 1416 2847 adhuc
1446 2807 1623 2848 existunt
1652 2820 1824 2850 caussae
1853 2810 1934 2850 hu—

83 2882 202 2933 jusce
232 2881 473 2921 mutationis.

198 2952 265 2993 Sic
286 2953 446 3004 species
466 2951 790 2993 Astemmitidum
810 2954 1025 2994 nonnullae
1047 2951 1364 3010 (Phylocorides
1386 2953 1570 3005 pusillae,
1594 2953 1759 3010 Capsus
1776 2958 1934 3011 magni-

89 3025 244 3073 cornis,
265 3023 603 3079 pulverulentm,
637 3024 886 3082 Gyllenhalii
907 3031 947 3066 et
968 3027 1017 3067 al.
1040 3027 1111 3079 pl.)
1143 3026 1330 3066 demissis
1352 3026 1492 3066 aetatis
1515 3026 1690 3068 decursu
1711 3028 1933 3080 squamulis

88 3096 261 3149 pilisque
292 3097 436 3149 quibus
468 3109 615 3150 corpus
640 3098 821 3152 juvenile
853 3099 1053 3139 obtectum
1076 3104 1157 3148 est,
1189 3098 1336 3139 exinde
1359 3099 1536 3139 colorem
1558 3100 1743 3151 nitidum,
1773 3102 1931 3155 nigrum

88 3173 154 3210 aut
182 3169 338 3210 fuscum
370 3171 582 3222 acquirunt
611 3175 649 3211 et
679 3172 755 3211 nisi
786 3172 905 3212 oculo
936 3172 1038 3211 bene
1070 3172 1109 3211 in
1140 3170 1202 3211 his
1228 3171 1351 3212 rebus
1373 3173 1613 3223 exercitato,
1643 3178 1755 3214 recte
1776 3187 1931 3228 recog-
