2259 3506
1029 187 1395 237 -12—

295 327 481 379 erigitur3
513 326 736 366 ultimum
769 338 840 376 pro
872 336 947 363 ano
980 335 1011 363 s.
1044 328 1255 376 segmento
1286 324 1390 363 anali
1422 324 1683 376 excipiendo,
1713 330 1949 364 excavatum
1971 330 2037 365 aut
2058 326 2134 365 late

295 399 475 439 excisum
507 403 581 438 est.

402 471 518 523 Apud
554 470 821 525 Inserz'cornes
864 473 903 508 et
939 468 1194 508 Astemmites
1241 469 1319 509 duo
1356 470 1491 510 ultima
1531 473 1737 523 segmenta
1775 469 1992 519 ventralia,
2039 471 2139 510 rima

297 544 423 584 divisa
461 548 570 592 sunt,
609 555 659 582 ex
698 554 774 594 qua
814 540 1077 581 foeminarum
1117 542 1328 582 oviductus
1369 543 1585 582 exseritur.
1647 542 1856 595 Singulum
1888 547 2139 596 segmentum

295 616 474 656 ventrale
504 616 690 666 utrinque
728 626 852 665 prope
884 616 1104 668 marginem
1136 617 1379 655 exteriorem
1411 628 1510 667 poro
1541 629 1577 654 v.
1611 617 1715 655 ostio
1746 616 2009 667 respiratorio
2040 629 2141 668 per-

298 695 427 729 tusum
459 693 497 727 et
526 691 671 738 puncto
703 688 878 727 obscuro
910 700 1030 739 saepe
1058 692 1246 728 notatum.
1298 689 1598 741 Spiraculorum
1619 689 1857 728 ventralium
1885 691 1986 729 ostia
2008 690 2141 729 utrin-

298 774 374 814 que
405 761 429 801 5
459 761 589 800 rarius
621 758 645 801 6
670 773 705 800 v.
728 760 773 810 7,
805 765 1077 800 numerantur.
1126 761 1278 801 Venter
1306 762 1370 802 vel
1393 774 1618 802 convexum
1640 762 1921 811 rotundatum,
1952 762 2017 802 vel
2039 775 2141 802 con-

296 846 440 873 vexum
470 834 689 872 carinatum
718 833 783 873 vel
813 833 1119 885 planiusculum.

405 905 619 959 Segmenta
650 906 914 946 abdominalia
944 907 993 946 ad
1024 908 1243 960 marginem
1274 912 1342 948 aut
1372 909 1568 947 concinne
1602 908 1679 947 sibi
1713 908 1935 948 adhaerent
1968 912 2036 948 aut
2065 920 2143 948 an-

295 979 401 1032 gulis
439 979 709 1018 exterioribus
747 980 834 1031 plus
872 980 936 1019 vel
977 981 1106 1019 minus
1145 981 1300 1032 postice
1338 981 1377 1019 in
1419 980 1560 1020 (lentes
1592 980 1720 1029 hiant,
1760 985 1826 1020 aut
1864 982 1903 1020 in
1933 981 2142 1021 tubercula

298 1051 518 1091 elevantur.
569 1051 707 1105 Margo
739 1053 1000 1092 abdominalis
1033 1052 1267 1106 liemielytra
1300 1054 1505 1094 excedens
1527 1058 1593 1093 aut
1613 1053 1875 1093 horizontalis
1898 1058 1963 1094 aut
1985 1066 2144 1094 sursum

297 1123 491 1164 elevatus.

408 1196 730 1251 Segmentum
760 1197 912 1237 anale
943 1212 979 1238 v.
1002 1199 1138 1239 Anus
1168 1199 1306 1240 ultimo
1338 1198 1579 1239 abdominali
1610 1199 1849 1239 inclavatum
1880 1199 1983 1250 apud
2012 1211 2145 1239 mares

297 1281 414 1308 unam
445 1270 639 1309 valvulam
669 1271 823 1322 planam
854 1275 920 1310 ant
951 1284 1171 1310 convexam
1203 1272 1371 1321 format,
1403 1273 1506 1324 apud
1538 1272 1734 1313 foeminas
1765 1285 1787 1311 e
1819 1272 1975 1312 duabus
2006 1272 2145 1325 longi-

299 1341 538 1382 tudinalibus
569 1344 666 1382 rima
698 1343 856 1393 divisis,
886 1344 951 1383 vel
982 1357 1033 1383 ex
1064 1349 1258 1396 quatuor,
1290 1346 1469 1397 quinque
1501 1357 1634 1397 usque
1665 1345 1714 1385 ad
1748 1349 1901 1397 septem
1933 1345 2146 1395 distinctis,

301 1413 514 1454 conflatum
546 1420 618 1456 est.
669 1416 867 1456 Numerus
896 1416 1142 1457 valvularum
1173 1418 1343 1458 analium
1375 1418 1477 1470 apud
1508 1418 1703 1459 foeminas
1734 1423 1906 1472 augetur
1926 1419 1965 1457 in
1987 1418 2148 1459 familiis

297 1487 653 1540 Heteropterorum
685 1490 984 1541 superioribus,
1028 1503 1130 1543 quae
1163 1491 1392 1531 oviductum
1424 1492 1528 1530 inter
1556 1491 1727 1531 valvulis
1759 1491 2037 1531 absconditum
2070 1491 2147 1531 ha—

298 1559 413 1609 bent,
450 1560 680 1602 diminuitur
710 1563 748 1601 in
780 1562 1061 1613 inferioribus,
1102 1576 1225 1616 quum
1256 1564 1433 1604 oviducti
1464 1564 1732 1604 rudimentum
1763 1569 1881 1604 extus
1912 1569 2079 1617 apparet
2109 1570 2148 1605 et

299 1633 339 1670 in
368 1632 686 1683 Astemmitibus,
726 1647 896 1687 quorum
933 1648 1035 1688 apex
1073 1636 1248 1676 oviducti
1288 1637 1508 1688 conspicue
1541 1648 1726 1677 emersus
1757 1637 1805 1676 ad
1838 1637 1938 1678 duas
1967 1637 2147 1678 valvulas

301 1705 457 1756 anates,
486 1707 674 1747 redactus
705 1707 955 1748 observatur.

925 1834 981 1880 E.
1051 1832 1520 1880 Extremitates.

409 1928 446 1971 §.
472 1923 534 1965 12.
583 1925 711 1966 Pedes
749 1938 822 1967 sex
860 1939 949 1966 cum
990 1928 1287 1967 acetabulis
1331 1927 1568 1979 prominulis
1605 1931 1715 1966 arcte
1755 1928 1933 1979 partibus
1971 1928 2149 1980 pectoris

303 1996 366 2043 (§.
387 1994 441 2046 8)
471 1997 645 2048 adnatis,
687 1999 959 2039 articulantur.
1020 2000 1211 2054 Singulus
1242 2013 1313 2053 pes
1345 2005 1502 2040 constat
1533 2013 1583 2039 ex
1615 2011 1764 2050 coxa,
1802 2001 2151 2051 trochantere,

305 2066 519 2119 femore,
562 2071 691 2111 tibia
735 2076 775 2112 et
815 2076 966 2112 tarso.
1040 2073 1176 2113 Coxae
1221 2078 1260 2113 et
1296 2074 1576 2113 trochanteres
1620 2072 1744 2126 vulgo
1782 2073 2067 2124 brevissimae,
2112 2075 2150 2114 in

305 2141 540 2192 quibusdam
586 2145 804 2198 generibus
848 2144 1144 2196 (Phinzodercz,
1185 2145 1350 2197 Gerris)
1396 2151 1585 2198 tanquam
1634 2145 1847 2186 abnormes
1893 2147 2150 2187 memoranda

306 2219 407 2253 sunt.
457 2215 622 2256 Femora
652 2218 757 2257 tibiis
787 2220 1010 2271 crassiora,
1042 2218 1371 2259 conformationis
1392 2223 1579 2271 respecta
1601 2219 1731 2267 varia:
1762 2221 2025 2260 anteriora
2056 2221 2151 2261 duo

306 2287 345 2325 in
375 2285 508 2342 Asopi
535 2289 772 2340 quibusdam
804 2292 1018 2342 speciebus
1051 2292 1169 2331 dente
1200 2304 1302 2342 uno,
1334 2293 1373 2331 in
1396 2292 1583 2332 omnibus
1607 2291 1694 2332 fere
1716 2292 1984 2350 Pachymerz's
2010 2294 2151 2334 subtus

307 2358 424 2398 dente
454 2372 533 2400 uno
567 2361 743 2402 alterove
774 2369 921 2404 armata
951 2369 1063 2413 sunt;
1111 2366 1410 2417 posteriora
1441 2365 1535 2406 duo
1567 2367 1606 2405 in
1635 2364 1797 2422 Azy-(lo,
1837 2365 2151 2422 Stenoceplzalo,

306 2430 570 2487 Syromosto,
611 2434 762 2484 Coreo,
804 2436 1136 2493 Psemloplzlaeo,
1180 2437 1462 2494 Oncoceplzalo
1498 2443 1537 2478 et
1565 2438 1714 2479 Miride
1744 2437 1977 2494 Spinipede,
2015 2440 2151 2480 denti-

308 2504 432 2555 culis,
460 2507 682 2549 tuberculis
714 2510 933 2561 spinulisve
964 2515 1112 2550 armata
1143 2516 1343 2563 apparent.
1393 2511 1561 2552 Femora
1591 2512 1708 2552 valde
1739 2513 1927 2565 elongata
1950 2512 2150 2553 filiformia

308 2579 516 2629 possident
543 2579 744 2643 Reduvz'ni
769 2582 1077 2638 stenopodisles,
1109 2585 1221 2636 apice
1255 2584 1409 2624 clavata
1439 2584 1588 2641 Beryti
1615 2598 1650 2624 e.
1676 2597 1706 2624 s.
1728 2597 1765 2636 p.
1825 2614 1828 2617 -

418 2652 554 2693 Tibiae
594 2653 814 2695 femoribus
850 2657 1077 2706 tenuiores,
1126 2657 1477 2710 quadrangulares
1517 2663 1583 2698 aut
1618 2659 1871 2709 prismaticae
1909 2662 2046 2697 rectae
2086 2663 2152 2698 aut

310 2729 517 2775 curvatae,
554 2727 671 2766 modo
708 2729 868 2768 omnino
908 2734 999 2769 sunt
1035 2729 1185 2778 nudae,
1223 2730 1341 2769 modo
1378 2731 1469 2782 pilis
1510 2731 1721 2779 brevibus,
1759 2731 1862 2769 ciliis
1903 2732 2055 2782 sparsis
2086 2735 2152 2770 aut

311 2797 475 2847 spinulis
507 2801 680 2840 seriatim
712 2801 937 2853 dispositis,
975 2803 1151 2851 obsitae;
1196 2805 1420 2844 anteriores
1460 2804 1539 2844 duo
1578 2805 1617 2844 in
1648 2803 1910 2859 Longiscutis
1948 2803 2151 2843 denticulo

313 2870 479 2910 normali
510 2872 747 2924 instructae,
778 2875 816 2914 in
841 2874 984 2930 Asopo
1015 2875 1315 2932 sanguinipede
1339 2882 1379 2916 et
1401 2877 1668 2935 Pachymerz's
1698 2875 1900 2916 nonnullis
1932 2875 2006 2915 sub
2038 2876 2150 2927 apice

313 2942 544 2993 simpliciter
589 2945 795 2996 dilatatae,
841 2949 880 2988 in
918 2947 1140 2989 Hedzwinis
1169 2949 1493 3005 sponglpeclihas
1533 2950 1646 2991 solea
1683 2950 1905 2988 incrassata
1945 2948 2151 2988 calceatae

315 3021 514 3066 apparent.
573 3018 840 3060 Memorabilis
872 3026 933 3061 est
964 3026 1164 3062 structura
1193 3022 1379 3063 tibiarum
1409 3023 1677 3075 posteriorum
1708 3022 1748 3060 in
1781 3020 1933 3060 Corixa
1963 3025 2003 3060 et
2030 3019 2149 3066 Pion,

317 3100 418 3138 quae
458 3090 612 3130 scilicet
649 3103 905 3144 compressae
943 3099 981 3133 et
1021 3095 1145 3134 dense
1183 3094 1387 3136 setulosae
1418 3095 1680 3152 Dytisconem
1709 3104 1841 3143 mere,
1879 3094 2072 3147 remigum
2112 3095 2149 3132 in

317 3161 443 3201 nando
475 3163 715 3203 functionem
747 3171 974 3206 excercent.
