2259 3506
1006 174 1409 225 —138—

394 317 552 358 Habitat
581 316 683 355 locis
715 314 917 354 sabulosis
948 311 1183 351 Lithuaniae
1213 312 1251 349 in
1286 310 1430 350 Carice
1459 309 1563 349 hirta
1596 315 1636 350 et
1659 309 2019 366 Calamagrostide
2038 309 2137 364 Epi-

279 392 374 449 gejo
411 390 582 442 passim;
628 389 667 427 in
699 385 916 438 Samogitia
955 385 1063 423 circa
1094 383 1310 435 Polangam
1351 384 1454 423 inter
1484 382 1672 439 Elymum
1703 382 1933 422 arenarium
1965 387 2137 429 aestate;

286 466 394 506 circa
423 462 655 502 Varsaviam
686 457 910 513 (Perthes).
971 456 1106 496 Odore
1143 459 1266 495 caret.

397 544 546 586 Similis
576 539 861 593 praecedenti,
895 540 967 580 sed
998 539 1122 579 multo
1154 540 1305 592 major,
1336 543 1376 578 et
1406 539 1629 591 angustior.

399 628 495 666 Tota
526 624 674 676 pallide
705 623 1120 673 viridi-flavescens,
1150 622 1401 675 punctulata,
1434 634 1576 674 sparse
1606 621 1736 673 pilosa
1766 621 1858 673 pilis
1887 620 2140 660 brevissimis

286 701 440 755 rigidis.
501 697 640 750 Clypei
669 697 809 748 capitis
841 709 944 748 apex
976 697 1086 735 striis
1118 696 1353 735 lateralibus
1384 695 1650 744 abbreviatis,
1682 693 1776 734 lobo
1805 693 1938 733 medio
1971 693 2138 732 carinu-

285 777 378 816 lato.
436 771 646 811 Antennae
684 774 724 809 et
754 770 882 809 latera
914 769 1054 821 capitis
1085 780 1225 813 rosea,
1269 767 1384 808 fusco
1415 780 1452 807 v,
1483 779 1688 819 purpureo
1719 766 1963 820 punctulata.
2023 764 2138 804 Arti-

286 848 468 888 culorum
501 847 701 883 structura
733 844 772 881 in
805 842 987 882 antennis
1019 841 1075 880 uti
1107 841 1147 879 in
1175 839 1479 879 characteribus
1501 840 1668 893 generis
1695 843 1971 879 memoratum.
2023 837 2139 878 Oculi

287 926 326 961 et
357 918 477 959 ocelli
508 917 548 955 in
578 917 670 955 vivo
702 918 1057 968 purpurascentes.
1107 913 1323 951 Pronotum
1356 911 1837 965 oblongo-trapezoidale
1868 912 1907 951 in
1938 910 2071 950 medio
2102 915 2142 949 et

287 994 335 1034 ad
372 993 497 1031 latera
538 1002 627 1028 cum
667 989 803 1027 carina
841 986 1045 1035 obsoleta,
1096 985 1145 1024 ad
1185 985 1357 1038 angulos
1389 984 1618 1024 humerales
1650 985 1918 1036 impressione
1949 987 2140 1023 notatum.

287 1065 506 1109 Scutellum
538 1074 701 1101 roseum
734 1059 866 1099 medio
899 1059 1142 1107 carinatum,
1188 1059 1369 1111 margine
1401 1058 1589 1108 utrinque
1627 1058 1752 1110 striga
1784 1058 1911 1109 nigra.
1972 1056 2140 1095 Hemie-

285 1142 390 1194 lytra
435 1136 484 1176 ad
524 1138 675 1174 costam
713 1131 943 1184 punctulata
982 1130 1262 1180 flavescentia,
1307 1130 1393 1170 basi
1442 1129 1686 1179 concolora,
1731 1129 1958 1169 areolarum
2003 1129 2140 1169 nervis

285 1212 432 1253 roseis.
492 1207 554 1247 Ad
585 1206 701 1246 basin
733 1205 884 1245 alarum
917 1207 956 1242 et
986 1203 1035 1242 ad
1067 1202 1257 1256 angulum
1290 1202 1439 1242 baseos
1471 1202 1694 1255 elytrorum
1725 1201 1979 1252 inferiorem,
2018 1214 2140 1253 saepe

285 1288 474 1339 punctum
514 1280 706 1318 minutum
747 1281 874 1316 atrum
913 1276 1167 1315 observatur.
1227 1275 1454 1328 Longitudo
1494 1276 1595 1314 corii
1633 1274 1773 1314 eadem
1813 1274 1899 1314 fere
1933 1288 1978 1314 ac
2008 1287 2140 1314 mem-

285 1360 456 1404 branae,
505 1364 608 1404 quae
653 1349 876 1401 pellucida,
926 1349 1063 1388 nervis
1107 1347 1467 1401 longitudinalibus
1514 1348 1782 1400 symmetricis
1827 1349 2139 1399 numerosisque

286 1439 501 1485 percursa,
529 1423 703 1463 medium
736 1422 961 1462 abdominis
984 1433 1065 1461 non
1086 1421 1254 1474 attingit.
1304 1419 1517 1460 Abdomen
1540 1432 1679 1472 sparse
1701 1420 1988 1473 punctulatum,
2019 1432 2140 1472 supra

287 1505 396 1545 striis
429 1498 583 1540 duabus
615 1495 858 1556 abbreviatis
889 1494 1018 1548 nigris
1058 1505 1206 1533 versus
1249 1493 1402 1544 apicem
1435 1493 1672 1542 attenuatis,
1711 1493 1798 1533 basi
1829 1492 2140 1543 confluentibus,

288 1581 327 1618 in
357 1577 447 1617 sinu
476 1573 553 1611 hoc
586 1568 709 1608 fascia
743 1567 880 1618 viridi,
912 1568 1162 1607 instructum.
1222 1566 1362 1605 Tibiae
1395 1565 1647 1617 posteriores
1679 1567 1792 1618 apice
1823 1567 1979 1620 nigrae.
2023 1566 2140 1613 Tarsi

285 1647 455 1691 extremi
485 1643 748 1697 nigricantes.

397 1732 597 1771 lnsectum
627 1730 719 1778 post
746 1728 937 1772 mortem,
969 1722 1036 1762 diu
1067 1725 1372 1772 conservatum,
1405 1722 1584 1762 colorem
1614 1721 1825 1774 pulchrum
1854 1734 2017 1763 roseum
2039 1734 2138 1773 par-

287 1808 382 1847 tium
414 1814 576 1844 suarum
609 1798 767 1846 amittit,
798 1801 837 1835 et
866 1795 952 1835 sere
985 1793 1173 1846 pallidum
1207 1793 1352 1833 evadit.

452 1949 616 1988 D1v1510
649 1944 858 1985 SECUNDA.
917 1938 1246 1979 NODICORNES
1278 1939 1393 1991 Amy.
1420 1943 1461 1978 et
1480 1939 1584 1979 Aud.
1608 1939 1721 1980 Serv.
1744 1939 1855 1979 Hem.
1877 1937 1971 1981 232.

289 2053 409 2094 Char.
442 2048 520 2089 (liv.
579 2044 787 2086 Articulus
836 2046 1003 2094 quartus
1049 2045 1310 2080 antennarum
1349 2041 1563 2092 perspicue
1605 2040 2138 2093 cylindrico-incrassatUS,

485 2120 603 2160 tertio
635 2117 820 2165 brevior,
850 2115 1002 2167 primus
1034 2113 1226 2153 robustus
1258 2118 1325 2153 aut
1354 2112 1579 2164 capillaris:

450 2232 488 2275 ὃ.
513 2227 548 2266 1.
579 2223 792 2263 Antennae
822 2219 1040 2275 capillares
1071 2234 1096 2258 a,
1116 2220 1255 2273 primo
1296 2217 1466 2258 articulo
1493 2217 1756 2274 geniculatim
1787 2223 2019 2258 antrorsum
2036 2217 2134 2271 fra-

576 2301 685 2343 ctae,
721 2295 837 2348 apice
865 2297 1077 2332 nutantes:

287 2468 411 2515 Gen.
444 2461 637 2510 XVIII.
705 2455 1039 2505 BERYTUS
1071 2462 1186 2501 Fabr.
1219 2460 1325 2512 Syst.
1346 2459 1502 2513 Rliyng.
1526 2458 1620 2501 264.
1641 2458 1708 2500 40.
1757 2459 1891 2500 Burm.
1919 2459 2072 2500 Handb.
2095 2460 2133 2500 d.

1036 2537 1123 2577 Ent.
1146 2537 1192 2576 ll.
1215 2536 1308 2578 313.
1331 2535 1369 2578 9.

289 2654 408 2697 Char.
440 2657 514 2692 art.
540 2642 547 2646 ’
574 2651 699 2702 Caput
730 2647 1007 2688 subconicum.
1056 2645 1265 2685 Antennae
1298 2642 1471 2682 medium
1503 2655 1648 2683 versus
1680 2643 1936 2697 geniculatim
1967 2643 2133 2695 fractae,

482 2721 649 2762 articulo
685 2721 823 2776 primo
868 2717 1120 2774 longissimo.
1185 2716 1401 2755 Pronotum
1446 2715 1721 2767 trapezoidale
1767 2716 2131 2757 subtricarinatum.

483 2795 702 2836 Scutellum
735 2793 928 2832 minutum
959 2789 1330 2830 lineari—conicum.
1380 2787 1628 2841 Hemielytra
1659 2788 1911 2841 longitudine
1943 2788 2130 2829 abdomi—

479 2869 541 2907 nis
587 2868 700 2906 corio
743 2864 945 2917 pellucido
992 2863 1142 2903 sensim
1179 2861 1219 2900 in
1257 2860 1530 2901 membranam
1562 2858 1910 2902 5v-6-11erviam
1942 2861 2128 2902 abeunte.

281 3044 380 3079 „sont
404 3038 505 3070 noirs.
552 3035 730 3068 J’observe
755 3042 820 3076 que
844 3035 931 3063 cette
954 3031 1075 3071 espece
1108 3033 1140 3060 et
1169 3027 1217 3060 les
1248 3027 1335 3059 deux
1366 3027 1590 3068 precedentes
1621 3030 1755 3067 portent
1780 3024 1867 3057 leurs
1891 3031 2000 3068 pattes
2025 3028 2127 3059 ante-

280 3096 427 3133 „rieures
451 3094 531 3126 d'un
555 3091 655 3135 sacon
683 3099 748 3132 que
770 3088 820 3120 les
844 3088 929 3120 tibes
953 3091 1031 3119 sont
1049 3085 1176 3127 jointes
1200 3095 1263 3117 aux
1288 3084 1418 3116 cuisses
1444 3093 1574 3115 comme
1599 3092 1666 3114 une
1690 3081 1777 3114 lame
1800 3082 1843 3114 de
1861 3087 2005 3116 couteau
2022 3083 2128 3116 ferme

281 3155 335 3188 „et
357 3151 418 3181 mis
443 3149 528 3180 dans
552 3147 582 3179 la
609 3145 768 3184 manche,
793 3144 834 3176 de
859 3148 949 3176 sorte
975 3152 1039 3184 que
1063 3141 1094 3174 le
1119 3143 1231 3184 genou
1255 3141 1401 3182 regarde
1428 3150 1469 3173 en
1496 3138 1606 3171 haut.“
