2259 3506
802 208 874 214 -—
957 178 1057 230 109
1136 208 1208 214 ——

84 316 231 356 eximie
263 317 531 370 sanguineus,
564 316 668 369 apud
698 320 878 357 mortuos
910 316 1037 357 rufus.
1097 316 1227 356 Pedes
1258 314 1563 367 pallido-flavi,
1596 316 1763 356 maculis
1793 319 1937 359 viridi-

85 389 159 428 bus
190 389 379 441 inspersi.
439 389 603 429 Lamina
635 389 845 439 sternalis,
877 391 1012 429 carina
1042 390 1196 429 ventris
1227 392 1266 428 et
1296 388 1410 440 spina
1440 393 1483 427 ut
1512 389 1551 427 in
1581 389 1865 439 praecedente.

195 461 232 501 A
262 461 485 501 minoribus
520 462 808 513 speciminibus
840 461 1200 501 Acantlzosomalis
1228 459 1595 500 haemorrhoidalis
1626 461 1756 501 statim
1789 463 1939 516 (ligno—

86 534 231 583 scitur3
277 534 399 574 dorso
439 533 663 574 abdominis
703 534 777 573 sub
817 534 890 573 alis
930 538 1012 573 toto
1051 535 1193 586 nigre,
1231 534 1346 573 ostiis
1378 534 1672 585 spiraculorum
1702 535 1940 575 ventralium

60 607 212 659 ¹nigris
243 611 284 645 et
316 606 547 646 membrana
578 605 912 657 hemielytrorum
944 605 1099 645 macula
1130 604 1245 645 fusca
1276 610 1421 645 notata.

128 705 246 738 Nota.
289 706 428 738 Perthes
454 705 510 748 (in
539 705 629 737 MSS.
656 704 721 737 Ins.
746 703 854 737 Lithu.
882 710 914 737 et
940 704 1011 736 Pol.
1037 715 1077 736 ex
1103 714 1155 736 an.
1182 702 1279 736 1802.
1306 703 1379 737 165.
1404 704 1458 749 4.)
1484 708 1631 749 speciem
1659 707 1745 739 hane
1770 717 1831 750 pro
1859 707 1944 740 Cim.

276 769 390 810 yrisco
413 766 508 799 Linn.
534 767 659 799 hahuit.

83 888 148 928 04.
195 888 460 932 Acanth.
495 889 782 944 clypeata
811 889 1009 940 (Burin.);
1056 888 1456 937 viridi-flavescens3
1485 890 1665 930 articulis
1696 893 1834 944 primis
1865 905 1941 933 an—

192 966 427 1011 tennarum,
459 974 549 1001 cum
580 963 693 1013 apice
726 962 866 1013 capitis
899 961 1136 1014 fastigiati53
1168 960 1328 1014 angulis
1360 960 1634 1002 humeralibus
1668 967 1829 1015 pronoti
1861 966 1942 1006 ob-

195 1034 358 1074 soletis:
409 1034 512 1074 callo
553 1034 678 1074 nitido
720 1035 952 1083 instructis3
1002 1033 1335 1086 hemielytrorum
1382 1035 1517 1074 corio:
1570 1036 1788 1077 introrsum
1826 1039 1944 1079 litura

195 1109 418 1161 sanguinea
448 1107 617 1157 inflexa,
648 1107 878 1147 membrana
907 1106 1109 1159 pellucida
1140 1106 1309 1146 maculis
1342 1106 1496 1148 duabus
1528 1109 1675 1162 nigris;
1720 1110 1944 1152 abdominis

193 1179 316 1220 dorso
356 1181 511 1233 postice
551 1180 779 1230 discolore,
821 1180 1003 1234 margine
1043 1179 1317 1228 immaculat0;
1360 1181 1474 1220 ostiis
1514 1181 1809 1233 spiraculorum
1839 1196 1943 1223 ven-

192 1253 350 1293 tralium
383 1253 691 1302 concoloribus3
723 1253 798 1292 alis
830 1252 879 1292 ad
909 1264 1034 1292 venas
1067 1251 1270 1306 suinigatis
1285 1254 1324 1292 ἦέ.
1385 1253 1512 1307 Long.
1543 1254 1570 1295 4
1592 1255 1658 1295 lin.

173 1342 228 1373 La
252 1342 402 1374 Pumcise
425 1345 447 1375 ὰ
474 1342 573 1374 bot-ds
598 1347 688 1374 veris
715 1341 809 1374 Stoll.
829 1342 965 1374 Punais.
983 1341 1191 1374 Tab.XXVl.
1210 1342 1265 1386 fig.
1279 1339 1354 1375 180.
1369 1337 1421 1384 0⁷.
1441 1342 1596 1387 (bona).

170 1403 421 1437 Acantltosoma
445 1405 603 1448 clypeata
627 1404 805 1436 Burmeist.
828 1404 959 1437 Handb.
981 1403 1012 1436 d.
1031 1404 1107 1436 Ent.
1124 1404 1164 1436 II.
1183 1402 1259 1437 361.
1278 1403 1308 1437 7.

171 1467 332 1499 Sar-anus
358 1466 415 1509 (ex
432 1466 536 1510 lingu.
553 1466 665 1510 hebr.)
692 1466 788 1508 Amy.
806 1466 882 1499 Eut.
902 1466 954 1502 Fr.
973 1464 1027 1499 90.
1046 1465 1101 1500 75.

192 1544 350 1584 Habitat
378 1545 419 1584 in
449 1544 649 1599 junipero
673 1546 876 1584 communi
894 1545 1135 1597 praesertim
1157 1545 1392 1584 Lithuaniae
1414 1546 1570 1586 mediae
1596 1552 1635 1587 et
1656 1549 1946 1590 meridionalis.

192 1617 333 1656 Facies
365 1622 405 1656 et
431 1617 664 1671 magnitudo
695 1618 981 1669 praecedentis
1013 1630 1035 1657 a
1066 1630 1144 1669 qua
1175 1632 1212 1656 a.
1245 1623 1509 1658 antennarum
1542 1621 1724 1661 articulis
1756 1622 1946 1662 basilari—

83 1690 158 1729 bus
202 1702 292 1729 cum
336 1690 465 1741 capite
503 1690 740 1744 fastigiatis;
790 1689 825 1730 b.
865 1692 967 1730 corii
1008 1690 1340 1742 hemielytrorum
1381 1691 1498 1731 litura
1537 1695 1760 1747 sanguinea
1801 1695 1948 1735 inflexa

83 1763 271 1803 distincte
303 1763 629 1816 circumscripta:
675 1778 707 1803 c.
740 1764 997 1804 membranae
1029 1763 1363 1816 hemielytrorum
1395 1764 1563 1805 maculis
1595 1766 1753 1807 duabus
1784 1770 1948 1819 puncti—

84 1836 281 1875 sormibus
311 1834 458 1885 suscis3
492 1835 530 1875 cl.
562 1836 714 1876 alarum
745 1837 861 1876 venis
891 1837 1009 1876 valde
1041 1835 1272 1885 infuscatis3
1305 1851 1337 1877 e.
1370 1838 1486 1878 ostiis
1518 1839 1812 1890 spiraculorum
1842 1855 1947 1882 ven-

83 1908 241 1948 tralium
279 1913 427 1959 puncto
468 1909 586 1962 nigro
625 1922 706 1949 non
744 1910 931 1950 indicatis
971 1914 1009 1949 ct
1045 1908 1085 1962 f
1128 1909 1343 1949 abdomine
1381 1922 1504 1964 supra
1544 1912 1776 1952 dimidiatim
1816 1915 1948 1968 nigro,

82 1981 316 2021 dimidiatim
344 1981 447 2020 flavo
479 1982 544 2021 vel
575 1982 836 2035 ferrugineo,
868 1982 1121 2023 sufficienter
1152 1982 1298 2022 differt.

194 2054 350 2106 Corpus
379 2055 524 2094 insecti
554 2056 726 2095 viventis
757 2055 946 2105 nitidum,
977 2055 1017 2094 in
1048 2059 1243 2106 pronoto,
1276 2055 1428 2107 capite,
1455 2057 1627 2097 scutelle
1653 2059 1766 2097 corio
1788 2058 1948 2099 hemie-

82 2128 278 2180 lytrorum
317 2130 408 2166 ante
446 2127 605 2167 lituram
645 2128 930 2181 sanguineam,
972 2129 1212 2180 praesertim
1251 2140 1352 2168 vero
1397 2129 1538 2169 subtus
1569 2129 1946 2173 ssavo-virescens.

82 2200 233 2239 Puncta
264 2199 463 2250 impressa
493 2200 610 2253 nigra
640 2201 773 2241 minus
805 2201 993 2241 distincta
1025 2213 1144 2253 quam
1176 2202 1217 2240 in
1247 2201 1542 2253 praecedente,
1579 2203 1652 2242 sed
1682 2206 1811 2258 magis
1844 2218 1947 2246 con—

84 2272 199 2312 ferta.
259 2271 385 2324 Caput
415 2274 544 2326 magis
577 2273 797 2327 oblongum
829 2274 944 2325 (lobo
977 2274 1110 2314 medio
1143 2274 1275 2327 clypei
1304 2287 1418 2315 more
1448 2276 1614 2329 generis
1645 2276 1835 2318 laterales
1867 2292 1946 2319 ex-

85 2345 278 2395 cedente,
309 2345 544 2396 rotundato)
577 2360 667 2387 cum
700 2352 962 2387 antennarum
995 2348 1176 2387 articulis
1207 2349 1347 2399 primis
1378 2347 1636 2402 fastigiatum.
1690 2349 1807 2390 Oculi
1829 2351 1946 2392 fusci.

83 2418 295 2459 Antennae
332 2419 586 2459 virescentes
629 2425 696 2460 aut
732 2420 1012 2471 rufescentes,
1059 2421 1240 2461 articulis
1279 2421 1438 2461 duobus
1477 2422 1626 2462 ultimis
1659 2423 1799 2463 saltem
1832 2425 1946 2476 apice

85 2491 233 2541 fuscis,
273 2503 411 2542 parum
451 2493 745 2543 crassioribus,
786 2494 904 2534 tertio
944 2494 1184 2546 praesertim
1222 2493 1329 2546 apud
1365 2506 1498 2534 mares
1536 2496 1706 2546 reliquis
1745 2495 1945 2548 longiore.

84 2564 248 2603 Pronoti
278 2564 396 2603 litura
428 2565 557 2604 antica
586 2570 819 2606 transversa
852 2567 1054 2607 ordinaria
1087 2567 1409 2615 obsoletissima3
1449 2568 1585 2621 anguli
1616 2567 1846 2607 humeralcs
1878 2568 1945 2607 vix

84 2637 319 2688 prominuli,
345 2637 559 2677 tuberculo
590 2651 732 2690 parum
763 2640 942 2690 elevato,
973 2640 1121 2689 nitido,
1153 2640 1359 2690 colorato,
1391 2641 1536 2680 onusti.
1589 2639 1809 2681 Scutellum
1841 2653 1944 2680 con—

86 2709 222 2759 color,
259 2709 373 2749 diseo
412 2721 574 2763 semper
612 2712 767 2752 macula
806 2713 927 2754 nulla.
988 2712 1329 2765 Hemielytrorum
1366 2713 1519 2753 corium
1550 2711 1944 2754 viridi—flavescens

86 2795 175 2822 cum
212 2782 332 2822 litura
371 2785 613 2837 sanguinea,
660 2784 737 2824 late
778 2785 851 2825 sub
895 2786 1045 2839 angulo
1093 2786 1368 2837 patentissimo
1413 2784 1581 2834 inflexa,
1627 2786 1945 2837 circumscripta,

87 2855 202 2907 quasi
232 2856 422 2906 penicillo
455 2857 632 2909 ‹lepicta;
682 2858 913 2898 Membrana
943 2859 1102 2911 hyalina
1135 2871 1226 2897 eum
1258 2859 1416 2910 punctis
1448 2857 1605 2898 duobus
1636 2858 1763 2899 fuscis
1795 2859 1943 2899 oblon-

87 2928 170 2979 gis,
201 2927 328 2967 altero
360 2929 398 2967 in
430 2929 567 2979 disco,
600 2930 728 2970 altero
761 2932 800 2970 in
831 2932 979 2985 angulo
1012 2932 1193 2979 interno,
1226 2942 1330 2982 pone
1360 2930 1461 2970 haec
1492 2936 1660 2983 puncta,
1691 2932 1731 2970 in
1760 2931 1944 2983 pluribus

88 3000 375 3051 speciminibus
411 3002 513 3051 (sub
543 3004 647 3042 vitro
679 3015 862 3043 convexo
895 3004 1182 3051 examinatis),
1220 3003 1434 3056 vestigium
1475 3003 1624 3044 fasciae
1659 3004 1944 3044 transversalis

87 3072 327 3123 undulatae,
365 3074 505 3114 colore
546 3075 792 3116 flavescente
832 3076 1031 3117 indicatae
1069 3077 1108 3114 in
1146 3081 1406 3128 conspectum
1445 3078 1565 3117 venit.
1624 3076 1725 3117 Alae
1758 3078 1944 3130 propriae

88 3146 136 3185 ad
175 3158 300 3185 venas
339 3146 454 3186 valde
495 3148 731 3190 infuscatae.
791 3149 1003 3190 Abdomen
1036 3161 1155 3201 supra
1186 3149 1272 3189 basi
1314 3154 1353 3189 et
1383 3151 1422 3190 in
1454 3151 1567 3191 disco
1600 3150 1757 3203 nigrum
1789 3151 1944 3202 postico
