<?xml version="1.0" encoding="UTF-8"?>
<!DOCTYPE html PUBLIC "-//W3C//DTD XHTML 1.0 Transitional//EN"
    "http://www.w3.org/TR/xhtml1/DTD/xhtml1-transitional.dtd">
<html xmlns="http://www.w3.org/1999/xhtml" xml:lang="en" lang="en">
 <head>
  <title>
</title>
<meta http-equiv="Content-Type" content="text/html;charset=utf-8" />
  <meta name='ocr-system' content='tesseract 3.04.00' />
  <meta name='ocr-capabilities' content='ocr_page ocr_carea ocr_par ocr_line ocrx_word'/>
</head>
<body>
  <div class='ocr_page' id='page_1' title='image "analectaadentomo00gors_0176.png"; bbox 0 0 2259 3506; ppageno 0'>
   <div class='ocr_carea' id='block_1_1' title="bbox 994 172 1403 222">
    <p class='ocr_par' dir='ltr' id='par_1_1' title="bbox 994 172 1403 222">
     <span class='ocr_line' id='line_1_1' title="bbox 994 172 1403 222; baseline -0.005 1"><span class='ocrx_word' id='word_1_1' title='bbox 994 172 1403 222; x_wconf 61' lang='lat'>—148—</span> 
     </span>
    </p>
   </div>
   <div class='ocr_carea' id='block_1_2' title="bbox 268 303 2141 640">
    <p class='ocr_par' dir='ltr' id='par_1_2' title="bbox 268 303 2141 640">
     <span class='ocr_line' id='line_1_2' title="bbox 268 303 2138 365; baseline -0.006 -12"><span class='ocrx_word' id='word_1_2' title='bbox 268 315 495 354; x_wconf 83' lang='lat' dir='ltr'>flavescens</span> <span class='ocrx_word' id='word_1_3' title='bbox 533 312 807 365; x_wconf 77' lang='lat' dir='ltr'>triangulare,</span> <span class='ocrx_word' id='word_1_4' title='bbox 851 313 1033 358; x_wconf 84' lang='lat' dir='ltr'>acutum,</span> <span class='ocrx_word' id='word_1_5' title='bbox 1072 312 1328 360; x_wconf 89' lang='lat' dir='ltr'>punctatum,</span> <span class='ocrx_word' id='word_1_6' title='bbox 1366 307 1611 358; x_wconf 79' lang='lat' dir='ltr'>pubescens.</span> <span class='ocrx_word' id='word_1_7' title='bbox 1685 306 1933 357; x_wconf 78' lang='lat' dir='ltr'>Hemielytra</span> <span class='ocrx_word' id='word_1_8' title='bbox 1973 303 2138 344; x_wconf 87' lang='lat' dir='ltr'>sordide</span> 
     </span>
     <span class='ocr_line' id='line_1_3' title="bbox 269 376 2140 438; baseline -0.006 -12"><span class='ocrx_word' id='word_1_9' title='bbox 269 386 438 438; x_wconf 86' lang='lat' dir='ltr'>pallida,</span> <span class='ocrx_word' id='word_1_10' title='bbox 479 385 598 424; x_wconf 88' lang='lat' dir='ltr'>lineis</span> <span class='ocrx_word' id='word_1_11' title='bbox 630 382 820 430; x_wconf 89' lang='lat' dir='ltr'>elevatis,</span> <span class='ocrx_word' id='word_1_12' title='bbox 862 381 1022 431; x_wconf 90' lang='lat' dir='ltr'>punctis</span> <span class='ocrx_word' id='word_1_13' title='bbox 1064 380 1233 419; x_wconf 91' lang='lat' dir='ltr'>maculis</span> <span class='ocrx_word' id='word_1_14' title='bbox 1271 378 1554 430; x_wconf 85' lang='lat' dir='ltr'>pallidioribus</span> <span class='ocrx_word' id='word_1_15' title='bbox 1587 378 1866 417; x_wconf 88' lang='lat' dir='ltr'>interstinctis.</span> <span class='ocrx_word' id='word_1_16' title='bbox 1925 376 2140 416; x_wconf 91' lang='lat' dir='ltr'>Abdomen</span> 
     </span>
     <span class='ocr_line' id='line_1_4' title="bbox 270 447 2140 507; baseline -0.006 -10"><span class='ocrx_word' id='word_1_17' title='bbox 270 458 519 506; x_wconf 87' lang='lat' dir='ltr'>flavescens,</span> <span class='ocrx_word' id='word_1_18' title='bbox 552 455 733 507; x_wconf 81' lang='lat' dir='ltr'>margine</span> <span class='ocrx_word' id='word_1_19' title='bbox 765 452 925 492; x_wconf 87' lang='lat' dir='ltr'>laterali</span> <span class='ocrx_word' id='word_1_20' title='bbox 957 451 1165 504; x_wconf 88' lang='lat' dir='ltr'>ampliato,</span> <span class='ocrx_word' id='word_1_21' title='bbox 1196 454 1377 499; x_wconf 88' lang='lat' dir='ltr'>serrato,</span> <span class='ocrx_word' id='word_1_22' title='bbox 1408 451 1761 503; x_wconf 85' lang='lat' dir='ltr'>nigro-punctato.</span> <span class='ocrx_word' id='word_1_23' title='bbox 1808 449 1939 488; x_wconf 89' lang='lat' dir='ltr'>Pedes</span> <span class='ocrx_word' id='word_1_24' title='bbox 1974 447 2140 487; x_wconf 86' lang='lat' dir='ltr'>sordide</span> 
     </span>
     <span class='ocr_line' id='line_1_5' title="bbox 270 520 2141 582; baseline -0.006 -13"><span class='ocrx_word' id='word_1_25' title='bbox 270 530 430 582; x_wconf 86' lang='lat' dir='ltr'>pallidi,</span> <span class='ocrx_word' id='word_1_26' title='bbox 461 526 812 579; x_wconf 86' lang='lat' dir='ltr'>nigro-fuscoque</span> <span class='ocrx_word' id='word_1_27' title='bbox 843 524 1035 576; x_wconf 84' lang='lat' dir='ltr'>punctati.</span> <span class='ocrx_word' id='word_1_28' title='bbox 1096 523 1267 562; x_wconf 88' lang='lat' dir='ltr'>Femora</span> <span class='ocrx_word' id='word_1_29' title='bbox 1298 522 1457 574; x_wconf 87' lang='lat' dir='ltr'>postica</span> <span class='ocrx_word' id='word_1_30' title='bbox 1487 522 1713 571; x_wconf 89' lang='lat' dir='ltr'>bidentata,</span> <span class='ocrx_word' id='word_1_31' title='bbox 1755 521 1883 561; x_wconf 90' lang='lat' dir='ltr'>altero</span> <span class='ocrx_word' id='word_1_32' title='bbox 1916 520 2036 559; x_wconf 87' lang='lat' dir='ltr'>dente</span> <span class='ocrx_word' id='word_1_33' title='bbox 2067 531 2141 558; x_wconf 88' lang='lat' dir='ltr'>re-</span> 
     </span>
     <span class='ocr_line' id='line_1_6' title="bbox 271 601 445 640; baseline -0.017 0"><span class='ocrx_word' id='word_1_34' title='bbox 271 601 445 640; x_wconf 87' lang='lat' dir='ltr'>motiori.</span> 
     </span>
    </p>
   </div>
   <div class='ocr_carea' id='block_1_3' title="bbox 270 724 2151 1861">
    <p class='ocr_par' dir='ltr' id='par_1_3' title="bbox 270 724 2145 926">
     <span class='ocr_line' id='line_1_7' title="bbox 270 724 2142 779; baseline -0.005 -8"><span class='ocrx_word' id='word_1_35' title='bbox 270 726 336 772; x_wconf 80' lang='lat'>95.</span> <span class='ocrx_word' id='word_1_36' title='bbox 387 730 525 773; x_wconf 72' lang='lat' dir='ltr'>Gor.</span> <span class='ocrx_word' id='word_1_37' title='bbox 556 728 978 772; x_wconf 73' lang='lat' dir='ltr'>denticulatus</span> <span class='ocrx_word' id='word_1_38' title='bbox 1009 727 1253 779; x_wconf 80' lang='lat' dir='ltr'>(Soopoli);</span> <span class='ocrx_word' id='word_1_39' title='bbox 1303 727 1445 766; x_wconf 85' lang='lat' dir='ltr'>fuscus</span> <span class='ocrx_word' id='word_1_40' title='bbox 1496 730 1759 765; x_wconf 72' lang='lat' dir='ltr'>antennarum</span> <span class='ocrx_word' id='word_1_41' title='bbox 1799 724 1969 764; x_wconf 86' lang='lat' dir='ltr'>articulo</span> <span class='ocrx_word' id='word_1_42' title='bbox 2011 724 2142 776; x_wconf 89' lang='lat' dir='ltr'>primo</span> 
     </span>
     <span class='ocr_line' id='line_1_8' title="bbox 385 795 2145 855; baseline -0.005 -14"><span class='ocrx_word' id='word_1_43' title='bbox 385 802 574 855; x_wconf 80' lang='lat' dir='ltr'>grossius</span> <span class='ocrx_word' id='word_1_44' title='bbox 616 801 798 850; x_wconf 89' lang='lat' dir='ltr'>dentato,</span> <span class='ocrx_word' id='word_1_45' title='bbox 834 801 996 852; x_wconf 88' lang='lat' dir='ltr'>pronoti</span> <span class='ocrx_word' id='word_1_46' title='bbox 1034 799 1216 851; x_wconf 81' lang='lat' dir='ltr'>margine</span> <span class='ocrx_word' id='word_1_47' title='bbox 1254 799 1413 849; x_wconf 90' lang='lat' dir='ltr'>postico</span> <span class='ocrx_word' id='word_1_48' title='bbox 1453 798 1619 847; x_wconf 87' lang='lat' dir='ltr'>inermi,</span> <span class='ocrx_word' id='word_1_49' title='bbox 1664 797 1821 837; x_wconf 89' lang='lat' dir='ltr'>laterali</span> <span class='ocrx_word' id='word_1_50' title='bbox 1860 795 2145 849; x_wconf 80' lang='lat' dir='ltr'>irregulariter</span> 
     </span>
     <span class='ocr_line' id='line_1_9' title="bbox 386 872 939 926; baseline -0.004 -14"><span class='ocrx_word' id='word_1_51' title='bbox 386 874 548 913; x_wconf 88' lang='lat' dir='ltr'>dentato</span> <span class='ocrx_word' id='word_1_52' title='bbox 565 872 603 911; x_wconf 43' lang='grc' dir='ltr'>ἦε.</span> <span class='ocrx_word' id='word_1_53' title='bbox 663 873 793 926; x_wconf 89' lang='lat' dir='ltr'>Long.</span> <span class='ocrx_word' id='word_1_54' title='bbox 824 872 939 913; x_wconf 76' lang='lat'>41111.</span> 
     </span>
    </p>

    <p class='ocr_par' dir='ltr' id='par_1_4' title="bbox 368 955 1958 1002">
     <span class='ocr_line' id='line_1_10' title="bbox 368 955 1958 1002; baseline -0.004 -8"><span class='ocrx_word' id='word_1_55' title='bbox 368 961 487 994; x_wconf 75' lang='lat' dir='ltr'>Cimeoe</span> <span class='ocrx_word' id='word_1_56' title='bbox 513 960 746 993; x_wconf 73' lang='lat' dir='ltr'>denticulatus</span> <span class='ocrx_word' id='word_1_57' title='bbox 771 959 911 1002; x_wconf 88' lang='lat' dir='ltr'>Scopoli</span> <span class='ocrx_word' id='word_1_58' title='bbox 929 959 1006 992; x_wconf 82' lang='lat' dir='ltr'>Ent.</span> <span class='ocrx_word' id='word_1_59' title='bbox 1025 969 1117 992; x_wconf 86' lang='lat' dir='ltr'>carn.</span> <span class='ocrx_word' id='word_1_60' title='bbox 1136 957 1211 991; x_wconf 79' lang='lat'>125.</span> <span class='ocrx_word' id='word_1_61' title='bbox 1229 956 1306 991; x_wconf 75' lang='lat'>365.</span> <span class='ocrx_word' id='word_1_62' title='bbox 1326 967 1396 989; x_wconf 90' lang='lat' dir='ltr'>non</span> <span class='ocrx_word' id='word_1_63' title='bbox 1414 956 1517 989; x_wconf 87' lang='lat' dir='ltr'>Wolf.</span> <span class='ocrx_word' id='word_1_64' title='bbox 1536 967 1600 989; x_wconf 88' lang='lat' dir='ltr'>nec</span> <span class='ocrx_word' id='word_1_65' title='bbox 1622 955 1737 988; x_wconf 85' lang='lat' dir='ltr'>Schill.</span> <span class='ocrx_word' id='word_1_66' title='bbox 1756 967 1820 989; x_wconf 88' lang='lat' dir='ltr'>nec</span> <span class='ocrx_word' id='word_1_67' title='bbox 1844 956 1958 989; x_wconf 86' lang='lat' dir='ltr'>Hahn!</span> 
     </span>
    </p>

    <p class='ocr_par' dir='ltr' id='par_1_5' title="bbox 365 1016 1568 1062">
     <span class='ocr_line' id='line_1_11' title="bbox 365 1016 1568 1062; baseline -0.004 -7"><span class='ocrx_word' id='word_1_68' title='bbox 365 1022 544 1055; x_wconf 74' lang='lat' dir='ltr'>Acantlzz&#39;a</span> <span class='ocrx_word' id='word_1_69' title='bbox 568 1022 783 1053; x_wconf 69' lang='lat' dir='ltr'>denticulata</span> <span class='ocrx_word' id='word_1_70' title='bbox 809 1022 907 1053; x_wconf 83' lang='lat' dir='ltr'>Rossi</span> <span class='ocrx_word' id='word_1_71' title='bbox 925 1020 1032 1054; x_wconf 84' lang='lat' dir='ltr'>Faun.</span> <span class='ocrx_word' id='word_1_72' title='bbox 1050 1026 1110 1052; x_wconf 85' lang='lat' dir='ltr'>etr.</span> <span class='ocrx_word' id='word_1_73' title='bbox 1131 1020 1183 1052; x_wconf 88' lang='lat' dir='ltr'>ed.</span> <span class='ocrx_word' id='word_1_74' title='bbox 1201 1019 1293 1062; x_wconf 88' lang='lat' dir='ltr'>Jllig.</span> <span class='ocrx_word' id='word_1_75' title='bbox 1314 1019 1355 1051; x_wconf 92' lang='lat'>11.</span> <span class='ocrx_word' id='word_1_76' title='bbox 1373 1016 1451 1052; x_wconf 84' lang='lat'>359.</span> <span class='ocrx_word' id='word_1_77' title='bbox 1470 1016 1568 1051; x_wconf 78' lang='grc'>1284.</span> 
     </span>
    </p>

    <p class='ocr_par' dir='ltr' id='par_1_6' title="bbox 367 1076 1857 1126">
     <span class='ocr_line' id='line_1_12' title="bbox 367 1076 1857 1126; baseline -0.004 -10"><span class='ocrx_word' id='word_1_78' title='bbox 367 1084 493 1116; x_wconf 85' lang='lat' dir='ltr'>Coreus</span> <span class='ocrx_word' id='word_1_79' title='bbox 518 1083 750 1115; x_wconf 75' lang='lat' dir='ltr'>denticulatus</span> <span class='ocrx_word' id='word_1_80' title='bbox 775 1082 864 1126; x_wconf 81' lang='lat' dir='ltr'>Jltig.</span> <span class='ocrx_word' id='word_1_81' title='bbox 892 1083 925 1114; x_wconf 89' lang='lat' dir='ltr'>in</span> <span class='ocrx_word' id='word_1_82' title='bbox 946 1082 1029 1116; x_wconf 81' lang='lat' dir='ltr'>Mus.</span> <span class='ocrx_word' id='word_1_83' title='bbox 1049 1080 1212 1114; x_wconf 66' lang='lat' dir='ltr'>berolini</span> <span class='ocrx_word' id='word_1_84' title='bbox 1246 1080 1360 1112; x_wconf 75' lang='lat' dir='ltr'>Burni.</span> <span class='ocrx_word' id='word_1_85' title='bbox 1379 1079 1512 1112; x_wconf 86' lang='lat' dir='ltr'>Ilandb.</span> <span class='ocrx_word' id='word_1_86' title='bbox 1531 1079 1561 1111; x_wconf 91' lang='lat' dir='ltr'>d.</span> <span class='ocrx_word' id='word_1_87' title='bbox 1580 1079 1655 1112; x_wconf 82' lang='lat' dir='ltr'>Ent.</span> <span class='ocrx_word' id='word_1_88' title='bbox 1675 1078 1713 1110; x_wconf 84' lang='lat' dir='ltr'>ll.</span> <span class='ocrx_word' id='word_1_89' title='bbox 1731 1076 1808 1111; x_wconf 82' lang='grc'><strong>309.</strong></span> <span class='ocrx_word' id='word_1_90' title='bbox 1827 1076 1857 1110; x_wconf 89' lang='grc'>3.</span> 
     </span>
    </p>

    <p class='ocr_par' dir='ltr' id='par_1_7' title="bbox 387 1158 1219 1212">
     <span class='ocr_line' id='line_1_13' title="bbox 387 1158 1219 1212; baseline -0.005 -11"><span class='ocrx_word' id='word_1_91' title='bbox 387 1161 546 1201; x_wconf 76' lang='lat' dir='ltr'>Habitat</span> <span class='ocrx_word' id='word_1_92' title='bbox 576 1162 708 1200; x_wconf 87' lang='lat' dir='ltr'>rarius</span> <span class='ocrx_word' id='word_1_93' title='bbox 739 1161 779 1199; x_wconf 89' lang='lat' dir='ltr'>in</span> <span class='ocrx_word' id='word_1_94' title='bbox 809 1160 1008 1212; x_wconf 80' lang='lat' dir='ltr'>Volhynia</span> <span class='ocrx_word' id='word_1_95' title='bbox 1040 1158 1219 1198; x_wconf 77' lang='lat' dir='ltr'>australi.</span> 
     </span>
    </p>

    <p class='ocr_par' dir='ltr' id='par_1_8' title="bbox 390 1231 1158 1286">
     <span class='ocr_line' id='line_1_14' title="bbox 390 1231 1158 1286; baseline -0.005 -13"><span class='ocrx_word' id='word_1_96' title='bbox 390 1233 627 1274; x_wconf 87' lang='lat' dir='ltr'>Simillimus</span> <span class='ocrx_word' id='word_1_97' title='bbox 662 1232 794 1272; x_wconf 69' lang='lat' dir='ltr'>Cerco</span> <span class='ocrx_word' id='word_1_98' title='bbox 817 1231 1015 1286; x_wconf 81' lang='lat' dir='ltr'>pilicorni</span> <span class='ocrx_word' id='word_1_99' title='bbox 1040 1231 1158 1283; x_wconf 87' lang='lat' dir='ltr'>Klug.</span> 
     </span>
    </p>

    <p class='ocr_par' dir='ltr' id='par_1_9' title="bbox 276 1299 2151 1861">
     <span class='ocr_line' id='line_1_15' title="bbox 390 1299 2147 1357; baseline -0.004 -12"><span class='ocrx_word' id='word_1_100' title='bbox 390 1305 519 1357; x_wconf 91' lang='lat' dir='ltr'>Supra</span> <span class='ocrx_word' id='word_1_101' title='bbox 557 1304 736 1355; x_wconf 79' lang='lat' dir='ltr'>pilosus,</span> <span class='ocrx_word' id='word_1_102' title='bbox 776 1303 939 1353; x_wconf 87' lang='lat' dir='ltr'>fuscus,</span> <span class='ocrx_word' id='word_1_103' title='bbox 977 1303 1111 1343; x_wconf 87' lang='lat' dir='ltr'>rarius</span> <span class='ocrx_word' id='word_1_104' title='bbox 1153 1302 1455 1351; x_wconf 83' lang='lat' dir='ltr'>fusco-rufus,</span> <span class='ocrx_word' id='word_1_105' title='bbox 1500 1300 1641 1340; x_wconf 89' lang='lat' dir='ltr'>subtus</span> <span class='ocrx_word' id='word_1_106' title='bbox 1680 1299 1960 1352; x_wconf 86' lang='lat' dir='ltr'>ferrugineus.</span> <span class='ocrx_word' id='word_1_107' title='bbox 2021 1299 2147 1351; x_wconf 89' lang='lat' dir='ltr'>Caput</span> 
     </span>
     <span class='ocr_line' id='line_1_16' title="bbox 278 1372 2147 1426; baseline -0.004 -9"><span class='ocrx_word' id='word_1_108' title='bbox 278 1378 352 1418; x_wconf 91' lang='lat' dir='ltr'>sub</span> <span class='ocrx_word' id='word_1_109' title='bbox 384 1378 569 1416; x_wconf 81' lang='lat' dir='ltr'>antennis</span> <span class='ocrx_word' id='word_1_110' title='bbox 602 1376 807 1416; x_wconf 88' lang='lat' dir='ltr'>denticulo</span> <span class='ocrx_word' id='word_1_111' title='bbox 840 1376 1032 1426; x_wconf 89' lang='lat' dir='ltr'>utrinque</span> <span class='ocrx_word' id='word_1_112' title='bbox 1060 1376 1299 1414; x_wconf 85' lang='lat' dir='ltr'>instructum</span> <span class='ocrx_word' id='word_1_113' title='bbox 1331 1378 1371 1412; x_wconf 87' lang='lat' dir='ltr'>et</span> <span class='ocrx_word' id='word_1_114' title='bbox 1399 1385 1477 1413; x_wconf 90' lang='lat' dir='ltr'>una</span> <span class='ocrx_word' id='word_1_115' title='bbox 1510 1385 1599 1412; x_wconf 94' lang='lat' dir='ltr'>cum</span> <span class='ocrx_word' id='word_1_116' title='bbox 1631 1376 1804 1423; x_wconf 81' lang='lat' dir='ltr'>pronote</span> <span class='ocrx_word' id='word_1_117' title='bbox 1836 1376 1875 1411; x_wconf 89' lang='lat' dir='ltr'>et</span> <span class='ocrx_word' id='word_1_118' title='bbox 1896 1372 2147 1424; x_wconf 76' lang='lat' dir='ltr'>liemielytris</span> 
     </span>
     <span class='ocr_line' id='line_1_17' title="bbox 277 1444 2148 1501; baseline -0.003 -12"><span class='ocrx_word' id='word_1_119' title='bbox 277 1450 436 1501; x_wconf 90' lang='lat' dir='ltr'>punctis</span> <span class='ocrx_word' id='word_1_120' title='bbox 469 1448 665 1488; x_wconf 88' lang='lat' dir='ltr'>confertis</span> <span class='ocrx_word' id='word_1_121' title='bbox 696 1448 1043 1500; x_wconf 79' lang='lat' dir='ltr'>prominentibus,</span> <span class='ocrx_word' id='word_1_122' title='bbox 1076 1447 1278 1487; x_wconf 86' lang='lat' dir='ltr'>scabrum.</span> <span class='ocrx_word' id='word_1_123' title='bbox 1340 1446 1552 1485; x_wconf 88' lang='lat' dir='ltr'>Antennae</span> <span class='ocrx_word' id='word_1_124' title='bbox 1580 1444 1774 1493; x_wconf 82' lang='lat' dir='ltr'>villosae,</span> <span class='ocrx_word' id='word_1_125' title='bbox 1807 1444 1976 1483; x_wconf 88' lang='lat' dir='ltr'>articulo</span> <span class='ocrx_word' id='word_1_126' title='bbox 2008 1444 2148 1484; x_wconf 89' lang='lat' dir='ltr'>ultimo</span> 
     </span>
     <span class='ocr_line' id='line_1_18' title="bbox 276 1516 2149 1574; baseline -0.003 -14"><span class='ocrx_word' id='word_1_127' title='bbox 276 1521 525 1574; x_wconf 77' lang='lat' dir='ltr'>nigricante,</span> <span class='ocrx_word' id='word_1_128' title='bbox 556 1522 674 1559; x_wconf 89' lang='lat' dir='ltr'>tertio</span> <span class='ocrx_word' id='word_1_129' title='bbox 708 1519 889 1560; x_wconf 88' lang='lat' dir='ltr'>secundo</span> <span class='ocrx_word' id='word_1_130' title='bbox 921 1520 1128 1559; x_wconf 87' lang='lat' dir='ltr'>breviore.</span> <span class='ocrx_word' id='word_1_131' title='bbox 1178 1518 1343 1557; x_wconf 88' lang='lat' dir='ltr'>Pronoti</span> <span class='ocrx_word' id='word_1_132' title='bbox 1374 1529 1516 1570; x_wconf 88' lang='lat' dir='ltr'>margo</span> <span class='ocrx_word' id='word_1_133' title='bbox 1548 1516 1728 1555; x_wconf 88' lang='lat' dir='ltr'>lateralis</span> <span class='ocrx_word' id='word_1_134' title='bbox 1751 1516 1967 1556; x_wconf 86' lang='lat' dir='ltr'>denticulis</span> <span class='ocrx_word' id='word_1_135' title='bbox 1991 1516 2149 1555; x_wconf 88' lang='lat' dir='ltr'>crebris</span> 
     </span>
     <span class='ocr_line' id='line_1_19' title="bbox 276 1588 2148 1644; baseline -0.003 -12"><span class='ocrx_word' id='word_1_136' title='bbox 276 1593 412 1644; x_wconf 87' lang='lat' dir='ltr'>parvis</span> <span class='ocrx_word' id='word_1_137' title='bbox 448 1592 629 1643; x_wconf 86' lang='lat' dir='ltr'>undiquc</span> <span class='ocrx_word' id='word_1_138' title='bbox 669 1597 857 1631; x_wconf 85' lang='lat' dir='ltr'>armatus.</span> <span class='ocrx_word' id='word_1_139' title='bbox 929 1591 1144 1631; x_wconf 89' lang='lat' dir='ltr'>Abdomen</span> <span class='ocrx_word' id='word_1_140' title='bbox 1184 1601 1360 1641; x_wconf 86' lang='lat' dir='ltr'>superne</span> <span class='ocrx_word' id='word_1_141' title='bbox 1398 1589 1589 1637; x_wconf 87' lang='lat' dir='ltr'>rubrum,</span> <span class='ocrx_word' id='word_1_142' title='bbox 1634 1589 1722 1628; x_wconf 90' lang='lat' dir='ltr'>basi</span> <span class='ocrx_word' id='word_1_143' title='bbox 1761 1589 1944 1642; x_wconf 89' lang='lat' dir='ltr'>nigrum,</span> <span class='ocrx_word' id='word_1_144' title='bbox 1993 1588 2148 1627; x_wconf 86' lang='lat' dir='ltr'>macula</span> 
     </span>
     <span class='ocr_line' id='line_1_20' title="bbox 279 1660 2150 1717; baseline -0.002 -14"><span class='ocrx_word' id='word_1_145' title='bbox 279 1665 395 1717; x_wconf 88' lang='lat' dir='ltr'>nigra</span> <span class='ocrx_word' id='word_1_146' title='bbox 428 1664 477 1703; x_wconf 90' lang='lat' dir='ltr'>ad</span> <span class='ocrx_word' id='word_1_147' title='bbox 508 1664 664 1715; x_wconf 85' lang='lat' dir='ltr'>apicem</span> <span class='ocrx_word' id='word_1_148' title='bbox 696 1664 736 1702; x_wconf 90' lang='lat' dir='ltr'>in</span> <span class='ocrx_word' id='word_1_149' title='bbox 764 1664 924 1713; x_wconf 83' lang='lat' dir='ltr'>medio,</span> <span class='ocrx_word' id='word_1_150' title='bbox 955 1665 1070 1715; x_wconf 85' lang='lat' dir='ltr'>apice</span> <span class='ocrx_word' id='word_1_151' title='bbox 1102 1662 1365 1702; x_wconf 86' lang='lat' dir='ltr'>bidentatum.</span> <span class='ocrx_word' id='word_1_152' title='bbox 1425 1661 1598 1700; x_wconf 89' lang='lat' dir='ltr'>chora</span> <span class='ocrx_word' id='word_1_153' title='bbox 1629 1661 1786 1712; x_wconf 90' lang='lat' dir='ltr'>postica</span> <span class='ocrx_word' id='word_1_154' title='bbox 1819 1660 1988 1711; x_wconf 87' lang='lat' dir='ltr'>spinulis</span> <span class='ocrx_word' id='word_1_155' title='bbox 2020 1660 2150 1700; x_wconf 88' lang='lat' dir='ltr'>tribus</span> 
     </span>
     <span class='ocr_line' id='line_1_21' title="bbox 281 1732 2151 1788; baseline -0.003 -13"><span class='ocrx_word' id='word_1_156' title='bbox 281 1736 523 1788; x_wconf 86' lang='lat' dir='ltr'>majoribus,</span> <span class='ocrx_word' id='word_1_157' title='bbox 561 1748 637 1774; x_wconf 90' lang='lat' dir='ltr'>nec</span> <span class='ocrx_word' id='word_1_158' title='bbox 668 1747 748 1774; x_wconf 93' lang='lat' dir='ltr'>non</span> <span class='ocrx_word' id='word_1_159' title='bbox 780 1734 804 1776; x_wconf 84' lang='lat'>3</span> <span class='ocrx_word' id='word_1_160' title='bbox 835 1749 871 1774; x_wconf 86' lang='lat' dir='ltr'>v.</span> <span class='ocrx_word' id='word_1_161' title='bbox 902 1734 929 1774; x_wconf 78' lang='lat'>4</span> <span class='ocrx_word' id='word_1_162' title='bbox 960 1735 1185 1774; x_wconf 90' lang='lat' dir='ltr'>minoribus</span> <span class='ocrx_word' id='word_1_163' title='bbox 1217 1732 1554 1773; x_wconf 86' lang='lat' dir='ltr'>decrescentibus</span> <span class='ocrx_word' id='word_1_164' title='bbox 1587 1733 1692 1771; x_wconf 89' lang='lat' dir='ltr'>inter</span> <span class='ocrx_word' id='word_1_165' title='bbox 1720 1733 1875 1784; x_wconf 90' lang='lat' dir='ltr'>spinam</span> <span class='ocrx_word' id='word_1_166' title='bbox 1909 1732 2079 1771; x_wconf 86' lang='lat' dir='ltr'>anticam</span> <span class='ocrx_word' id='word_1_167' title='bbox 2112 1736 2151 1770; x_wconf 88' lang='lat' dir='ltr'>et</span> 
     </span>
     <span class='ocr_line' id='line_1_22' title="bbox 281 1808 759 1861; baseline -0.002 -14"><span class='ocrx_word' id='word_1_168' title='bbox 281 1820 390 1861; x_wconf 90' lang='lat' dir='ltr'>genu</span> <span class='ocrx_word' id='word_1_169' title='bbox 422 1808 564 1858; x_wconf 88' lang='lat' dir='ltr'>positis</span> <span class='ocrx_word' id='word_1_170' title='bbox 596 1811 759 1846; x_wconf 84' lang='lat' dir='ltr'>armata.</span> 
     </span>
    </p>
   </div>
   <div class='ocr_carea' id='block_1_4' title="bbox 279 1941 2153 3146">
    <p class='ocr_par' dir='ltr' id='par_1_10' title="bbox 279 1941 2151 2211">
     <span class='ocr_line' id='line_1_23' title="bbox 279 1941 2150 2000; baseline -0.001 -17"><span class='ocrx_word' id='word_1_171' title='bbox 279 1943 345 1985; x_wconf 84' lang='lat'>96.</span> <span class='ocrx_word' id='word_1_172' title='bbox 397 1944 532 1988; x_wconf 73' lang='lat' dir='ltr'><strong><em>Gor.</em></strong></span> <span class='ocrx_word' id='word_1_173' title='bbox 579 1942 809 2000; x_wconf 58' lang='lat' dir='ltr'>Wolfi*</span> <span class='ocrx_word' id='word_1_174' title='bbox 840 1945 1016 1984; x_wconf 86' lang='lat' dir='ltr'>obscure</span> <span class='ocrx_word' id='word_1_175' title='bbox 1049 1943 1342 1992; x_wconf 87' lang='lat' dir='ltr'>fusco—ruber,</span> <span class='ocrx_word' id='word_1_176' title='bbox 1375 1943 1515 1982; x_wconf 86' lang='lat' dir='ltr'>subtus</span> <span class='ocrx_word' id='word_1_177' title='bbox 1548 1941 1801 1990; x_wconf 81' lang='lat' dir='ltr'>flavescens3</span> <span class='ocrx_word' id='word_1_178' title='bbox 1839 1943 2024 1982; x_wconf 87' lang='lat' dir='ltr'>antennis</span> <span class='ocrx_word' id='word_1_179' title='bbox 2058 1955 2150 1982; x_wconf 91' lang='lat' dir='ltr'>mu-</span> 
     </span>
     <span class='ocr_line' id='line_1_24' title="bbox 391 2014 2151 2068; baseline -0.001 -13"><span class='ocrx_word' id='word_1_180' title='bbox 391 2015 732 2067; x_wconf 83' lang='lat' dir='ltr'>ricato-pilosis;</span> <span class='ocrx_word' id='word_1_181' title='bbox 771 2020 945 2068; x_wconf 89' lang='lat' dir='ltr'>pronoto</span> <span class='ocrx_word' id='word_1_182' title='bbox 978 2016 1110 2055; x_wconf 89' lang='lat' dir='ltr'>antice</span> <span class='ocrx_word' id='word_1_183' title='bbox 1141 2015 1271 2055; x_wconf 87' lang='lat' dir='ltr'>tribus</span> <span class='ocrx_word' id='word_1_184' title='bbox 1302 2015 1421 2053; x_wconf 90' lang='lat' dir='ltr'>lineis</span> <span class='ocrx_word' id='word_1_185' title='bbox 1456 2014 1644 2052; x_wconf 85' lang='lat' dir='ltr'>obscuris</span> <span class='ocrx_word' id='word_1_186' title='bbox 1676 2014 1812 2065; x_wconf 87' lang='lat' dir='ltr'>parvis</span> <span class='ocrx_word' id='word_1_187' title='bbox 1845 2018 2001 2063; x_wconf 84' lang='lat' dir='ltr'>notato,</span> <span class='ocrx_word' id='word_1_188' title='bbox 2039 2027 2151 2053; x_wconf 88' lang='lat' dir='ltr'>mar-</span> 
     </span>
     <span class='ocr_line' id='line_1_25' title="bbox 392 2085 2151 2141; baseline -0.001 -14"><span class='ocrx_word' id='word_1_189' title='bbox 392 2089 487 2141; x_wconf 89' lang='lat' dir='ltr'>gine</span> <span class='ocrx_word' id='word_1_190' title='bbox 528 2088 943 2139; x_wconf 89' lang='lat' dir='ltr'>spinuloso-ciliato,</span> <span class='ocrx_word' id='word_1_191' title='bbox 990 2087 1214 2127; x_wconf 84' lang='lat' dir='ltr'>semoribus</span> <span class='ocrx_word' id='word_1_192' title='bbox 1260 2085 1629 2139; x_wconf 83' lang='lat' dir='ltr'>nigro-fasciatis,</span> <span class='ocrx_word' id='word_1_193' title='bbox 1674 2085 1782 2124; x_wconf 90' lang='lat' dir='ltr'>tibiis</span> <span class='ocrx_word' id='word_1_194' title='bbox 1830 2086 2095 2126; x_wconf 90' lang='lat' dir='ltr'>immaculatis</span> <span class='ocrx_word' id='word_1_195' title='bbox 2112 2086 2151 2126; x_wconf 45' lang='lat' dir='ltr'>a·</span> 
     </span>
     <span class='ocr_line' id='line_1_26' title="bbox 393 2158 695 2211; baseline 0 -13"><span class='ocrx_word' id='word_1_196' title='bbox 393 2160 521 2211; x_wconf 89' lang='lat' dir='ltr'>Long.</span> <span class='ocrx_word' id='word_1_197' title='bbox 552 2158 607 2211; x_wconf 44' lang='lat'>43</span> <span class='ocrx_word' id='word_1_198' title='bbox 628 2159 695 2198; x_wconf 89' lang='lat' dir='ltr'>lin.</span> 
     </span>
    </p>

    <p class='ocr_par' dir='ltr' id='par_1_11' title="bbox 374 2240 2153 2286">
     <span class='ocr_line' id='line_1_27' title="bbox 374 2240 2153 2286; baseline 0 -9"><span class='ocrx_word' id='word_1_199' title='bbox 374 2246 499 2278; x_wconf 79' lang='lat' dir='ltr'>Cereus</span> <span class='ocrx_word' id='word_1_200' title='bbox 524 2246 756 2278; x_wconf 72' lang='lat' dir='ltr'>denticulatus</span> <span class='ocrx_word' id='word_1_201' title='bbox 781 2246 882 2278; x_wconf 71' lang='lat' dir='ltr'>VVols.</span> <span class='ocrx_word' id='word_1_202' title='bbox 909 2247 1003 2279; x_wconf 80' lang='lat' dir='ltr'>leon.</span> <span class='ocrx_word' id='word_1_203' title='bbox 1029 2246 1113 2279; x_wconf 82' lang='lat' dir='ltr'>Cim.</span> <span class='ocrx_word' id='word_1_204' title='bbox 1140 2244 1193 2279; x_wconf 85' lang='grc'>71.</span> <span class='ocrx_word' id='word_1_205' title='bbox 1218 2243 1271 2278; x_wconf 75' lang='grc'>68.</span> <span class='ocrx_word' id='word_1_206' title='bbox 1292 2243 1458 2277; x_wconf 82' lang='lat' dir='ltr'>Tab.V11.</span> <span class='ocrx_word' id='word_1_207' title='bbox 1481 2244 1536 2286; x_wconf 84' lang='lat' dir='ltr'>fig.</span> <span class='ocrx_word' id='word_1_208' title='bbox 1551 2241 1605 2276; x_wconf 77' lang='grc'>68.</span> <span class='ocrx_word' id='word_1_209' title='bbox 1623 2254 1650 2276; x_wconf 82' lang='lat' dir='ltr'>a.</span> <span class='ocrx_word' id='word_1_210' title='bbox 1666 2244 1697 2275; x_wconf 89' lang='lat' dir='ltr'>b.</span> <span class='ocrx_word' id='word_1_211' title='bbox 1720 2240 1759 2285; x_wconf 65' lang='lat'>0⁷*</span> <span class='ocrx_word' id='word_1_212' title='bbox 1780 2245 1916 2285; x_wconf 71' lang='lat' dir='ltr'>junior.</span> <span class='ocrx_word' id='word_1_213' title='bbox 1941 2255 2010 2276; x_wconf 87' lang='lat' dir='ltr'>non</span> <span class='ocrx_word' id='word_1_214' title='bbox 2037 2245 2153 2278; x_wconf 78' lang='lat' dir='ltr'>Schill.</span> 
     </span>
    </p>

    <p class='ocr_par' dir='ltr' id='par_1_12' title="bbox 418 2307 600 2349">
     <span class='ocr_line' id='line_1_28' title="bbox 418 2307 600 2349; baseline 0 -11"><span class='ocrx_word' id='word_1_215' title='bbox 418 2317 482 2338; x_wconf 84' lang='lat' dir='ltr'>nec</span> <span class='ocrx_word' id='word_1_216' title='bbox 499 2307 600 2349; x_wconf 86' lang='lat' dir='ltr'>Scop.</span> 
     </span>
    </p>

    <p class='ocr_par' dir='ltr' id='par_1_13' title="bbox 396 2380 1512 2435">
     <span class='ocr_line' id='line_1_29' title="bbox 396 2380 1512 2435; baseline -0.002 -13"><span class='ocrx_word' id='word_1_217' title='bbox 396 2383 556 2422; x_wconf 88' lang='lat' dir='ltr'>Habitat</span> <span class='ocrx_word' id='word_1_218' title='bbox 585 2384 624 2422; x_wconf 89' lang='lat' dir='ltr'>in</span> <span class='ocrx_word' id='word_1_219' title='bbox 657 2383 863 2435; x_wconf 83' lang='lat' dir='ltr'>sylvaticis</span> <span class='ocrx_word' id='word_1_220' title='bbox 897 2385 1018 2423; x_wconf 91' lang='lat' dir='ltr'>siccis</span> <span class='ocrx_word' id='word_1_221' title='bbox 1049 2384 1274 2435; x_wconf 84' lang='lat' dir='ltr'>Volhyniae</span> <span class='ocrx_word' id='word_1_222' title='bbox 1307 2380 1512 2421; x_wconf 83' lang='lat' dir='ltr'>australis.</span> 
     </span>
    </p>

    <p class='ocr_par' dir='ltr' id='par_1_14' title="bbox 399 2447 1706 2508">
     <span class='ocr_line' id='line_1_30' title="bbox 399 2447 1706 2508; baseline 0 -15"><span class='ocrx_word' id='word_1_223' title='bbox 399 2447 549 2494; x_wconf 88' lang='lat' dir='ltr'>Similis</span> <span class='ocrx_word' id='word_1_224' title='bbox 585 2455 712 2494; x_wconf 82' lang='lat' dir='ltr'>Coreo</span> <span class='ocrx_word' id='word_1_225' title='bbox 733 2453 931 2508; x_wconf 76' lang='lat' dir='ltr'>pilieorni</span> <span class='ocrx_word' id='word_1_226' title='bbox 957 2459 997 2493; x_wconf 90' lang='lat' dir='ltr'>et</span> <span class='ocrx_word' id='word_1_227' title='bbox 1029 2467 1118 2494; x_wconf 88' lang='lat' dir='ltr'>cum</span> <span class='ocrx_word' id='word_1_228' title='bbox 1151 2454 1219 2493; x_wconf 94' lang='lat' dir='ltr'>illo</span> <span class='ocrx_word' id='word_1_229' title='bbox 1250 2453 1464 2504; x_wconf 87' lang='lat' dir='ltr'>hucusque</span> <span class='ocrx_word' id='word_1_230' title='bbox 1497 2453 1706 2493; x_wconf 82' lang='lat' dir='ltr'>confusus.</span> 
     </span>
    </p>

    <p class='ocr_par' dir='ltr' id='par_1_15' title="bbox 285 2525 2153 3146">
     <span class='ocr_line' id='line_1_31' title="bbox 397 2525 2152 2577; baseline 0.001 -13"><span class='ocrx_word' id='word_1_231' title='bbox 397 2526 524 2577; x_wconf 88' lang='lat' dir='ltr'>Caput</span> <span class='ocrx_word' id='word_1_232' title='bbox 554 2526 750 2577; x_wconf 89' lang='lat' dir='ltr'>pilosum,</span> <span class='ocrx_word' id='word_1_233' title='bbox 789 2526 1038 2576; x_wconf 86' lang='lat' dir='ltr'>brunneum,</span> <span class='ocrx_word' id='word_1_234' title='bbox 1078 2526 1209 2564; x_wconf 83' lang='lat' dir='ltr'>fronte</span> <span class='ocrx_word' id='word_1_235' title='bbox 1241 2525 1464 2577; x_wconf 86' lang='lat' dir='ltr'>apiculata,</span> <span class='ocrx_word' id='word_1_236' title='bbox 1502 2529 1613 2564; x_wconf 88' lang='lat' dir='ltr'>retro</span> <span class='ocrx_word' id='word_1_237' title='bbox 1645 2530 1839 2564; x_wconf 90' lang='lat' dir='ltr'>antennas</span> <span class='ocrx_word' id='word_1_238' title='bbox 1872 2530 1962 2564; x_wconf 88' lang='lat' dir='ltr'>ante</span> <span class='ocrx_word' id='word_1_239' title='bbox 1995 2526 2152 2574; x_wconf 88' lang='lat' dir='ltr'>oculos,</span> 
     </span>
     <span class='ocr_line' id='line_1_32' title="bbox 286 2591 2151 2648; baseline 0 -12"><span class='ocrx_word' id='word_1_240' title='bbox 286 2597 490 2636; x_wconf 81' lang='lat' dir='ltr'>denticulo</span> <span class='ocrx_word' id='word_1_241' title='bbox 529 2597 733 2648; x_wconf 85' lang='lat' dir='ltr'>tuberculi</span> <span class='ocrx_word' id='word_1_242' title='bbox 772 2597 996 2636; x_wconf 87' lang='lat' dir='ltr'>antennalis</span> <span class='ocrx_word' id='word_1_243' title='bbox 1036 2601 1244 2636; x_wconf 86' lang='lat' dir='ltr'>armatum.</span> <span class='ocrx_word' id='word_1_244' title='bbox 1304 2596 1421 2635; x_wconf 89' lang='lat' dir='ltr'>Oculi</span> <span class='ocrx_word' id='word_1_245' title='bbox 1451 2597 1585 2647; x_wconf 85' lang='lat' dir='ltr'>parvi,</span> <span class='ocrx_word' id='word_1_246' title='bbox 1624 2595 1740 2635; x_wconf 90' lang='lat' dir='ltr'>susci.</span> <span class='ocrx_word' id='word_1_247' title='bbox 1800 2591 1991 2636; x_wconf 87' lang='lat' dir='ltr'>Rostrum</span> <span class='ocrx_word' id='word_1_248' title='bbox 2022 2597 2151 2636; x_wconf 83' lang='lat' dir='ltr'>ssave-</span> 
     </span>
     <span class='ocr_line' id='line_1_33' title="bbox 285 2667 2151 2721; baseline 0 -14"><span class='ocrx_word' id='word_1_249' title='bbox 285 2680 404 2707; x_wconf 88' lang='lat' dir='ltr'>scens</span> <span class='ocrx_word' id='word_1_250' title='bbox 437 2669 551 2719; x_wconf 91' lang='lat' dir='ltr'>apice</span> <span class='ocrx_word' id='word_1_251' title='bbox 582 2669 757 2721; x_wconf 88' lang='lat' dir='ltr'>nigrum.</span> <span class='ocrx_word' id='word_1_252' title='bbox 816 2668 1029 2707; x_wconf 89' lang='lat' dir='ltr'>Antennae</span> <span class='ocrx_word' id='word_1_253' title='bbox 1061 2668 1231 2707; x_wconf 89' lang='lat' dir='ltr'>breves:</span> <span class='ocrx_word' id='word_1_254' title='bbox 1271 2667 1445 2707; x_wconf 90' lang='lat' dir='ltr'>Articuli</span> <span class='ocrx_word' id='word_1_255' title='bbox 1476 2669 1568 2718; x_wconf 89' lang='lat' dir='ltr'>pilis</span> <span class='ocrx_word' id='word_1_256' title='bbox 1600 2668 1971 2717; x_wconf 87' lang='lat' dir='ltr'>numerosissimis,</span> <span class='ocrx_word' id='word_1_257' title='bbox 2007 2669 2151 2721; x_wconf 87' lang='lat' dir='ltr'>rigidis</span> 
     </span>
     <span class='ocr_line' id='line_1_34' title="bbox 286 2738 2151 2791; baseline 0.001 -14"><span class='ocrx_word' id='word_1_258' title='bbox 286 2740 490 2788; x_wconf 85' lang='lat' dir='ltr'>muricati,</span> <span class='ocrx_word' id='word_1_259' title='bbox 528 2744 612 2778; x_wconf 90' lang='lat' dir='ltr'>tres</span> <span class='ocrx_word' id='word_1_260' title='bbox 643 2740 805 2791; x_wconf 86' lang='lat' dir='ltr'>priores</span> <span class='ocrx_word' id='word_1_261' title='bbox 845 2740 1022 2779; x_wconf 89' lang='lat' dir='ltr'>obscure</span> <span class='ocrx_word' id='word_1_262' title='bbox 1053 2739 1249 2788; x_wconf 84' lang='lat' dir='ltr'>brunnei,</span> <span class='ocrx_word' id='word_1_263' title='bbox 1292 2743 1460 2790; x_wconf 88' lang='lat' dir='ltr'>quartus</span> <span class='ocrx_word' id='word_1_264' title='bbox 1498 2740 1640 2788; x_wconf 88' lang='lat' dir='ltr'>tertio,</span> <span class='ocrx_word' id='word_1_265' title='bbox 1679 2740 1819 2778; x_wconf 76' lang='lat' dir='ltr'>tertius</span> <span class='ocrx_word' id='word_1_266' title='bbox 1850 2738 2031 2778; x_wconf 72' lang='lat' dir='ltr'>secundo</span> <span class='ocrx_word' id='word_1_267' title='bbox 2063 2738 2151 2779; x_wconf 82' lang='lat' dir='ltr'>hre-</span> 
     </span>
     <span class='ocr_line' id='line_1_35' title="bbox 285 2810 2152 2862; baseline 0.001 -13"><span class='ocrx_word' id='word_1_268' title='bbox 285 2811 391 2858; x_wconf 76' lang='lat' dir='ltr'>vior,</span> <span class='ocrx_word' id='word_1_269' title='bbox 439 2811 592 2862; x_wconf 91' lang='lat' dir='ltr'>primus</span> <span class='ocrx_word' id='word_1_270' title='bbox 632 2814 672 2849; x_wconf 86' lang='lat' dir='ltr'>et</span> <span class='ocrx_word' id='word_1_271' title='bbox 712 2815 879 2862; x_wconf 88' lang='lat' dir='ltr'>quartus</span> <span class='ocrx_word' id='word_1_272' title='bbox 918 2822 1057 2862; x_wconf 89' lang='lat' dir='ltr'>parum</span> <span class='ocrx_word' id='word_1_273' title='bbox 1097 2811 1186 2849; x_wconf 91' lang='lat' dir='ltr'>aliis</span> <span class='ocrx_word' id='word_1_274' title='bbox 1229 2811 1473 2850; x_wconf 88' lang='lat' dir='ltr'>crassiores.</span> <span class='ocrx_word' id='word_1_275' title='bbox 1533 2811 1751 2849; x_wconf 89' lang='lat' dir='ltr'>Pronotum</span> <span class='ocrx_word' id='word_1_276' title='bbox 1792 2810 1968 2849; x_wconf 91' lang='lat' dir='ltr'>obscure</span> <span class='ocrx_word' id='word_1_277' title='bbox 2006 2810 2152 2850; x_wconf 89' lang='lat' dir='ltr'>fusco-</span> 
     </span>
     <span class='ocr_line' id='line_1_36' title="bbox 285 2881 2153 2934; baseline 0.002 -15"><span class='ocrx_word' id='word_1_278' title='bbox 285 2881 474 2930; x_wconf 85' lang='lat' dir='ltr'>rubrum,</span> <span class='ocrx_word' id='word_1_279' title='bbox 513 2881 879 2932; x_wconf 79' lang='lat' dir='ltr'>impresso-fusco</span> <span class='ocrx_word' id='word_1_280' title='bbox 909 2886 1163 2934; x_wconf 80' lang='lat' dir='ltr'>punctatum3</span> <span class='ocrx_word' id='word_1_281' title='bbox 1212 2882 1252 2920; x_wconf 91' lang='lat' dir='ltr'>in</span> <span class='ocrx_word' id='word_1_282' title='bbox 1294 2882 1423 2920; x_wconf 83' lang='lat' dir='ltr'>antica</span> <span class='ocrx_word' id='word_1_283' title='bbox 1463 2882 1551 2933; x_wconf 88' lang='lat' dir='ltr'>ejus</span> <span class='ocrx_word' id='word_1_284' title='bbox 1582 2886 1696 2932; x_wconf 88' lang='lat' dir='ltr'>parte</span> <span class='ocrx_word' id='word_1_285' title='bbox 1726 2885 1810 2920; x_wconf 86' lang='lat' dir='ltr'>tres</span> <span class='ocrx_word' id='word_1_286' title='bbox 1841 2881 1974 2920; x_wconf 82' lang='lat' dir='ltr'>lineae</span> <span class='ocrx_word' id='word_1_287' title='bbox 2004 2893 2153 2932; x_wconf 84' lang='lat' dir='ltr'>parvae</span> 
     </span>
     <span class='ocr_line' id='line_1_37' title="bbox 286 2948 2153 3005; baseline 0 -15"><span class='ocrx_word' id='word_1_288' title='bbox 286 2952 508 3001; x_wconf 89' lang='lat' dir='ltr'>obscurae,</span> <span class='ocrx_word' id='word_1_289' title='bbox 547 2952 597 2991; x_wconf 88' lang='lat' dir='ltr'>ad</span> <span class='ocrx_word' id='word_1_290' title='bbox 629 2954 833 3005; x_wconf 86' lang='lat' dir='ltr'>margines</span> <span class='ocrx_word' id='word_1_291' title='bbox 865 2953 1056 2992; x_wconf 88' lang='lat' dir='ltr'>laterales</span> <span class='ocrx_word' id='word_1_292' title='bbox 1094 2953 1233 3004; x_wconf 87' lang='lat' dir='ltr'>plures</span> <span class='ocrx_word' id='word_1_293' title='bbox 1275 2952 1468 2992; x_wconf 87' lang='lat' dir='ltr'>denticuli</span> <span class='ocrx_word' id='word_1_294' title='bbox 1502 2952 1763 3004; x_wconf 87' lang='lat' dir='ltr'>spiniformes</span> <span class='ocrx_word' id='word_1_295' title='bbox 1789 2948 1874 2990; x_wconf 73' lang='lat' dir='ltr'>albi</span> <span class='ocrx_word' id='word_1_296' title='bbox 1906 2953 2053 3003; x_wconf 90' lang='lat' dir='ltr'>quibus</span> <span class='ocrx_word' id='word_1_297' title='bbox 2085 2953 2153 3003; x_wconf 89' lang='lat' dir='ltr'>pili</span> 
     </span>
     <span class='ocr_line' id='line_1_38' title="bbox 288 3023 2152 3077; baseline -0.001 -16"><span class='ocrx_word' id='word_1_298' title='bbox 288 3023 409 3062; x_wconf 87' lang='lat' dir='ltr'>albidi</span> <span class='ocrx_word' id='word_1_299' title='bbox 447 3023 569 3075; x_wconf 90' lang='lat' dir='ltr'>rigidi</span> <span class='ocrx_word' id='word_1_300' title='bbox 608 3023 847 3074; x_wconf 84' lang='lat' dir='ltr'>interpositi.</span> <span class='ocrx_word' id='word_1_301' title='bbox 906 3025 1059 3077; x_wconf 86' lang='lat' dir='ltr'>Anguli</span> <span class='ocrx_word' id='word_1_302' title='bbox 1096 3023 1327 3063; x_wconf 88' lang='lat' dir='ltr'>humerales</span> <span class='ocrx_word' id='word_1_303' title='bbox 1365 3025 1433 3061; x_wconf 85' lang='lat' dir='ltr'>vix</span> <span class='ocrx_word' id='word_1_304' title='bbox 1473 3023 1712 3075; x_wconf 87' lang='lat' dir='ltr'>prominuli,</span> <span class='ocrx_word' id='word_1_305' title='bbox 1752 3023 1871 3062; x_wconf 88' lang='lat' dir='ltr'>acuti.</span> <span class='ocrx_word' id='word_1_306' title='bbox 1933 3023 2152 3063; x_wconf 88' lang='lat' dir='ltr'>Scutellum</span> 
     </span>
     <span class='ocr_line' id='line_1_39' title="bbox 291 3093 2152 3146; baseline 0.001 -15"><span class='ocrx_word' id='word_1_307' title='bbox 291 3105 476 3142; x_wconf 86' lang='lat' dir='ltr'>parvum,</span> <span class='ocrx_word' id='word_1_308' title='bbox 508 3098 737 3145; x_wconf 82' lang='lat' dir='ltr'>punctatum</span> <span class='ocrx_word' id='word_1_309' title='bbox 771 3094 924 3134; x_wconf 88' lang='lat' dir='ltr'>coloris</span> <span class='ocrx_word' id='word_1_310' title='bbox 956 3095 1057 3133; x_wconf 90' lang='lat' dir='ltr'>corii</span> <span class='ocrx_word' id='word_1_311' title='bbox 1090 3100 1129 3135; x_wconf 84' lang='lat' dir='ltr'>et</span> <span class='ocrx_word' id='word_1_312' title='bbox 1158 3095 1336 3146; x_wconf 86' lang='lat' dir='ltr'>pronoti,</span> <span class='ocrx_word' id='word_1_313' title='bbox 1369 3095 1406 3132; x_wconf 89' lang='lat' dir='ltr'>in</span> <span class='ocrx_word' id='word_1_314' title='bbox 1438 3094 1572 3133; x_wconf 88' lang='lat' dir='ltr'>medio</span> <span class='ocrx_word' id='word_1_315' title='bbox 1605 3093 1881 3133; x_wconf 87' lang='lat' dir='ltr'>carinulatum.</span> <span class='ocrx_word' id='word_1_316' title='bbox 1940 3094 2152 3145; x_wconf 87' lang='lat' dir='ltr'>Hemiely-</span> 
     </span>
    </p>
   </div>
  </div>
 </body>
</html>
