2259 3506
947 206 1018 212 —-—
1104 176 1202 226 104
1279 205 1350 211 —

333 313 461 366 Major
500 320 539 354 et
576 315 737 367 longior
778 325 896 364 quam
929 314 1042 352 l’ent.
1063 315 1265 367 prasina,
1305 326 1425 366 supra
1459 328 1588 368 opaco
1621 314 1724 353 laete
1756 314 1918 362 viridis,
1955 314 2081 352 dense

222 389 656 440 impresso-punctam.
717 386 844 437 Caput
874 385 1007 425 fronte
1038 386 1176 437 plana,
1215 387 1346 426 antice
1378 386 1682 439 integerriimnn
1716 387 1754 424 in
1784 387 1814 436 β
1843 386 2083 426 flavescens.

223 461 436 501 Antennae
469 461 727 514 variegatae,
761 458 920 498 articuli
950 463 1034 499 tres
1066 460 1227 511 priores
1258 460 1396 511 apice,
1426 459 1574 511 reliqui
1597 460 1666 498 toti
1691 458 1927 512 ferruginei.
1979 459 2083 497 Pro-

225 539 360 574 notum
399 532 527 572 viride
566 533 605 571 in
634 532 664 582 β
694 544 816 584 saepe
853 544 984 584 usque
1016 537 1126 571 retro
1158 532 1315 572 lituram
1348 536 1619 571 transversam
1652 532 1917 580 ordinariam,
1956 531 2085 570 ssave—

227 619 368 648 scens:
407 607 531 645 latera
563 606 652 657 ejus
684 610 802 644 tenue
815 603 939 658 slavo
972 606 1205 659 marginata.
1267 605 1489 646 Seutellum
1519 606 1558 643 in
1589 603 1696 644 linea
1728 602 1898 644 basilam?
1919 605 2085 658 putiolis

225 680 349 720 tribus
370 678 647 717 minutissimis
669 676 831 732 pallide
844 677 979 732 slavis
1002 683 1200 729 notatum,
1233 691 1337 730 quae
1360 677 1559 717 interdum
1584 677 1869 727 obliterantur,
1901 677 1974 716 sed
1997 689 2085 714 ma-

175 746 177 749 *
225 759 292 794 net
323 763 485 804 semper
510 751 550 789 in
581 750 727 790 adultis
749 756 952 805 punctum
983 752 1145 806 nigrum
1177 752 1243 790 vir
1274 751 1536 804 conspicuum
1569 751 1608 789 in
1639 749 1795 805 angulo
1826 749 1992 804 singulo
2015 748 2085 787 lm-

225 840 320 866 seos
349 822 518 863 scutelle:
578 823 824 876 Hemielytra
855 823 994 875 plana:
1034 823 1265 863 membrana
1305 823 1506 876 pellucida
1545 823 1646 862 alba.
1706 823 1920 862 Abdomen
1951 821 2088 861 leviter

225 896 368 939 subtus
407 898 633 937 eminatam
668 911 758 936 eum
795 898 917 951 spina
958 894 1129 936 basilam?
1161 897 1277 951 apice
1314 893 1472 935 obtusa.
1532 896 1672 948 Margo
1705 895 1930 935 abdominis
1962 894 2087 933 flavus

225 971 515 1012 immaculatus.

393 1120 515 1166 Gen.
551 1117 645 1164 ΧΙ.
714 1116 1244 1165 ACANTHOSOMA
1280 1121 1414 1161 Curtis
1436 1120 1533 1161 Brit.
1557 1120 1644 1159 Ent.
1667 1120 1694 1158 l.
1718 1120 1812 1159 Tab.
1830 1118 1902 1161 28!

229 1241 349 1282 Char.
381 1247 456 1282 art.
517 1241 643 1292 Caput
674 1239 915 1293 oblongum,
955 1240 1086 1279 antice
1127 1241 1448 1294 integerrimum.
1508 1241 1720 1280 Antennae
1752 1240 1925 1293 margini
1956 1239 2087 1291 clypei

425 1313 593 1354 affixae:
637 1312 808 1353 articulo
839 1313 968 1364 primo
1000 1317 1179 1352 exserto.
1248 1313 1437 1353 Rostrum
1469 1318 1610 1363 tenue,
1648 1313 1736 1352 basi
1777 1312 1890 1352 sulco
1929 1312 2088 1351 mentali

425 1386 648 1427 recondita.
709 1386 840 1426 Crista
879 1386 1068 1426 sternalis
1105 1386 1292 1426 laminata
1330 1388 1435 1426 inter
1472 1386 1599 1438 pedes
1631 1387 1858 1426 anteriores
1889 1389 2091 1438 porrecta,

427 1461 567 1513 spinae
598 1459 792 1510 ventrali,
831 1464 1051 1512 rostroque
1083 1459 1333 1512 interposita.
1395 1460 1617 1500 Scutellum
1648 1459 2089 1512 triangulari-acumi-

425 1539 572 1574 natum.
632 1533 785 1572 Venter
816 1533 1032 1573 carinatus.
1098 1532 1212 1572 Tarsi
1242 1533 1498 1573 biarticulati.
1531 1557 1582 1561 —
1613 1532 1785 1572 Insertio
1817 1537 2091 1575 antennarum„

425 1606 579 1647 fabrica
612 1611 777 1647 suturae
811 1606 1022 1655 sternalis,
1054 1605 1182 1645 forma
1214 1607 1367 1645 ventris
1398 1611 1438 1645 et
1469 1606 1629 1646 scutelli
1660 1617 1736 1644 nec
1757 1616 1838 1644 non
1858 1605 1955 1645 tarsi
1977 1605 2091 1644 biar—

425 1681 599 1730 ticulati,
630 1693 760 1734 genus
792 1680 870 1719 hoe
900 1680 1006 1718 inter
1036 1679 1170 1719 omnia
1202 1679 1322 1731 hujus
1354 1679 1498 1720 Tribus
1531 1679 1795 1732 distinguunt.

339 1768 460 1811 Char.
490 1775 573 1810 nat.
633 1770 761 1822 Caput
790 1769 1008 1818 insertum,
1045 1780 1233 1820 parvum,
1273 1769 1514 1822 oblongum,
1555 1768 1902 1822 subtriangulare:
1946 1768 2091 1820 clypeo

227 1844 462 1895 rotundato,
493 1844 778 1897 integerrimo,
807 1839 898 1881 Zobo
930 1841 1092 1881 medio
1125 1841 1383 1882 laterales
1415 1841 1602 1882 distinete
1631 1840 1868 1882 excedente.
1900 1842 1993 1880 hine
2016 1853 2092 1881 an-

225 1919 303 1958 tiee
342 1918 458 1969 quasi
497 1916 658 1956 trilobo.
719 1915 836 1955 Oculi
874 1920 913 1954 et
952 1915 1073 1955 ocelli
1112 1915 1191 1954 duo
1232 1915 1451 1955 normales.
1523 1914 1735 1954 Antennae
1773 1914 2093 1962 5-ar1iculatae,

216 1991 313 2045 sere
342 1991 382 2029 in
412 1991 506 2045 ipsa
536 1989 644 2030 linea
674 2003 700 2028 α
730 1994 849 2028 canto
883 1987 1092 2027 oculorum
1130 1987 1188 2027 ad
1223 1989 1380 2042 apicem
1411 1987 1548 2044 clypei
1576 1986 1717 2036 (lucta,
1758 1988 1955 2035 insertae,
1994 1988 2091 2026 arti„

227 2062 316 2103 culo
341 2064 477 2118 primo
508 2063 733 2117 marginem
763 2060 903 2118 eiypei
927 2059 1053 2116 longe
1082 2059 1319 2109 excedente,
1353 2061 1535 2101 secundo
1566 2062 1684 2101 tertio
1713 2061 1921 2114 longiore,
1951 2059 1977 2100 ll
2009 2064 2048 2099 et
2068 2061 2092 2099 5

226 2141 294 2176 aut
333 2136 473 2176 saltem
513 2136 538 2175 5
570 2136 796 2185 crassiore,
844 2134 1102 2187 cylindrieis,
1146 2134 1438 2186 pilosiusculis.
1513 2134 1703 2174 Rostrum
1742 2139 1884 2183 tenue,
1927 2133 2093 2173 thorace

227 2209 413 2263 longius,
451 2209 578 2260 pedes
612 2209 865 2260 posteriores
904 2209 1126 2261 attingens,
1155 2207 1283 2262 juxta
1315 2207 1424 2247 laius
1458 2208 1667 2246 sinistrum
1697 2205 1875 2246 laminae
1903 2205 2093 2246 sternam*

227 2287 458 2328 extensmn,
490 2281 660 2321 articulo
692 2281 822 2332 primo
855 2280 970 2321 sulco
1004 2280 1166 2320 mentali
1196 2280 1423 2320 recondito.
1476 2280 1694 2319 Pronotum
1728 2280 1859 2319 antice
1881 2280 2093 2333 angustius

226 2356 384 2407 postico
421 2354 563 2404 latius,
602 2353 900 2405 trapezoidale,
940 2366 1030 2393 eum
1063 2354 1191 2405 eapite
1223 2353 1468 2406 triangulum
1502 2353 1590 2392 fere
1621 2352 1822 2403 formans,
1864 2357 2092 2393 antrorsum

228 2427 406 2478 declive,
451 2427 703 2480 marginibus
744 2426 980 2466 lateralibus
1027 2426 1252 2475 subrectis,
1297 2425 1565 2466 laevissimis.
1612 2426 1771 2479 angulis
1816 2425 2092 2466 humeralibus

227 2501 364 2541 variis.
392 2525 443 2529 —
476 2499 699 2541 Seutellum
732 2504 793 2539 sat
824 2511 1013 2552 magnum
1045 2499 1132 2538 fere
1164 2499 1340 2538 medium
1371 2499 1598 2538 abdominis
1630 2500 1852 2552 attingens,
1885 2498 2092 2538 subtrian-

227 2574 370 2627 gulare
403 2571 575 2628 abrupte
605 2573 892 2612 acuminaimn.
951 2571 1090 2624 Raphe
1128 2572 1315 2611 sternalis
1355 2572 1459 2611 inter
1495 2571 1642 2623 pedum
1675 2573 1922 2612 anteriorum
1953 2571 2091 2610 inser-

228 2649 378 2688 tionem
409 2642 606 2701 gradatim
637 2647 678 2685 in
707 2645 894 2685 laminam
926 2645 1103 2693 elevata3
1148 2657 1242 2696 pars
1282 2644 1453 2684 laminae
1486 2645 1615 2685 antica
1646 2645 1765 2684 altior
1795 2644 1986 2684 cristatim
2018 2655 2092 2682 ro—

228 2720 392 2760 tundata
424 2732 555 2772 usque
588 2719 637 2759 ad
668 2720 823 2770 apicem
854 2718 1081 2771 praesterni
1113 2721 1302 2767 extensa,
1333 2718 1488 2769 postica
1520 2719 1625 2757 inter
1654 2717 1781 2770 pedes
1811 2717 1982 2766 medios,
2015 2716 2093 2755 de-

229 2805 394 2846 pressa,
431 2793 585 2845 apicem
628 2793 767 2845 spinae
805 2791 999 2831 ventralis
1041 2789 1282 2829 excedente.
1341 2790 1589 2844 Hemielytra
1626 2791 1715 2830 basi
1747 2804 1768 2830 a
1808 2790 1981 2830 scutelle
2012 2800 2092 2827 non

231 2867 411 2916 obtecta,
449 2864 664 2904 latitudine
694 2863 945 2905 abdominis:
986 2863 1218 2903 membrana
1250 2862 1568 2913 5——8-nervia,
1607 2864 1744 2903 nervis
1774 2861 1980 2914 parallelis
2011 2872 2092 2900 uno

230 2939 412 2979 alterove
443 2937 628 2977 furcatim
661 2937 814 2987 divise,
854 2938 969 2990 apice
1001 2936 1226 2977 abdominis
1258 2936 1432 2990 longior.
1492 2936 1705 2975 Abdomen
1735 2933 2091 2990 oblongo-{rape-

231 3011 392 3051 zoiclale
423 3023 496 3052 seu
527 3023 548 3049 a
579 3010 666 3050 basi
697 3012 927 3063 posteriora
957 3022 1125 3059 versus,
1169 3009 1320 3048 sensim
1353 3010 1553 3049 cuneatim
1585 3012 1852 3056 attenuatum,
1884 3007 2090 3059 margina—

232 3088 334 3133 tum,
371 3099 450 3123 ano
484 3088 694 3125 truncato.-
743 3085 783 3123 in
822 3084 946 3125 dorso
985 3084 1074 3135 ejus
1115 3082 1188 3122 sub
1220 3081 1471 3134 hemielytris
1503 3095 1524 3121 a
1556 3081 1715 3121 scutelli
1748 3081 1860 3132 apice
1892 3079 1941 3118 ad
1973 3091 2090 3117 anum

232 3156 371 3196 sulcus
402 3161 470 3198 aut
499 3157 635 3197 carina
666 3157 800 3197 medio
832 3157 998 3199 sulcata.
1058 3156 1210 3195 Venter
1238 3154 1587 3207 longitudinaliter
1617 3155 1840 3202 carinatus,
1878 3155 2089 3203 segmento
