2259 3506
1017 162 1389 212 -34—

366 300 558 343 Eurydmna
582 302 739 334 olet-acea
765 301 861 342 Amy.
881 307 914 332 et
931 300 1016 332 Aud.
1037 300 1131 332 Serv.
1154 299 1247 331 Hem.
1269 297 1345 331 127.
1371 301 1412 331 in
1430 305 1540 332 nota,

365 361 551 405 Ospreodes
576 363 674 405 Amy.
692 362 768 395 Ent.
787 361 841 396 Fr.
859 360 911 394 71.
929 359 983 393 50.

328 451 367 501 β.
395 449 608 505 stavela*
637 451 914 501 viridescens,
946 464 1109 491 aureo-
1120 452 1246 503 picta,
1280 451 1453 493 scutelle
1484 450 1760 500 trimaculato,
1791 454 1934 490 ventre
1969 450 2143 490 femori-

412 525 571 578 busque
603 523 940 577 flavo-nigroque
971 525 1191 578 variegatis
1207 524 1245 565 ³5.

366 613 485 646 Cimeae
507 614 674 655 slavalus:
715 636 732 653 ‚,
745 618 884 655 ovatus,
919 614 1035 657 niger,
1072 613 1214 647 scutelle
1248 614 1430 657 elytrorum
1463 616 1560 657 apice
1591 613 1824 656 lateribusque
1851 611 1966 654 flavis,
1997 611 2147 645 thoracis

411 676 585 719 „margine
609 675 769 720 lineaque
792 675 904 709 media
928 676 1044 709 flavis“
1071 676 1234 710 Schrank.
1261 676 1372 720 Beytr.
1391 675 1444 710 70.
1461 674 1515 710 34.
1541 675 1618 709 vill.
1635 675 1712 709 Ent.
1732 674 1827 707 Linn.
1844 672 1921 707 505.
1938 672 1995 708 80.

330 778 365 817 y,
411 764 756 806 Zetterstaecltii*
786 766 940 818 pictura
971 771 1013 806 ut
1043 768 1084 806 in
1114 780 1141 805 α
1173 766 1246 807 sed
1278 767 1451 807 scutelle
1483 766 1641 807 macula
1672 778 1772 806 una:

365 853 485 886 Cimeoe
508 854 682 888 oleraceus
708 855 792 889 Zett.
810 857 873 890 ins.
891 855 981 899 lapp.
999 854 1075 889 260.
1095 854 1126 889 1.

385 932 546 974 Habitat
590 934 629 975 in
673 934 802 976 hortis
849 935 1121 985 culinaribus,
1166 935 1409 987 praesertim
1456 935 1506 974 ad
1550 934 1706 986 plantas
1752 932 1979 973 cruciferas
2025 937 2066 972 et
2110 934 2149 972 in

274 1015 476 1059 asparago
509 1012 685 1059 aestate,
718 1023 745 1047 cc
776 1014 815 1049 et
847 1023 871 1061 y
900 1021 974 1061 per
1004 1012 1126 1048 totam
1148 1007 1398 1049 Lithuaniam
1430 1007 1604 1048 mediam
1635 1011 1675 1046 et
1705 1006 1915 1046 borealem
1937 1005 2149 1058 frequens,

272 1077 302 1126 β
331 1079 455 1118 certis
488 1080 526 1119 in
559 1081 674 1121 annis
706 1082 745 1121 in
776 1081 1033 1122 meridionali
1067 1094 1211 1135 magna
1242 1082 1282 1121 in
1314 1082 1431 1133 eopia
1462 1081 1663 1133 provenit.
1687 1105 1739 1109 —
1762 1078 1941 1120 Odorem
1973 1079 2148 1119 debilem

275 1149 509 1192 oleraceum
542 1154 678 1206 spirat.

385 1235 518 1276 Minus
549 1250 596 1278 ac
628 1250 808 1290 sequeus
839 1238 1105 1292 polymorpha
1135 1238 1286 1292 illaque
1318 1239 1461 1278 minor.
1513 1238 1671 1290 Corpus
1694 1236 1861 1277 nitidum
1882 1238 2150 1292 variegatum,

275 1320 396 1360 supra
418 1310 898 1364 impresso-puuctatum‚
921 1312 1041 1352 modo
1064 1311 1520 1352 coeruleo-aenescens
1543 1310 1664 1351 modo
1682 1310 1961 1352 viridescens:
1992 1312 2149 1363 pictura

275 1381 393 1422 modo
424 1383 547 1424 rubra
577 1384 697 1424 modo
730 1385 819 1426 alba
852 1385 972 1425 modo
1004 1385 1125 1425 lutea.
1177 1384 1310 1425 Sexus
1342 1390 1517 1438 uterque
1550 1384 1691 1424 colore
1714 1384 1917 1425 interdum
1941 1384 2151 1425 dissimilis

276 1455 314 1493 in
358 1455 502 1508 copula
548 1456 725 1497 obvenit.
786 1457 983 1498 Omnibus
1028 1458 1152 1498 tibiae
1198 1458 1362 1511 nigrae,
1409 1461 1528 1510 caput
1565 1458 1834 1510 marginatum
1874 1462 1915 1498 et
1952 1463 2151 1498 antennae

275 1526 464 1568 obscura.

387 1612 589 1655 Normalis
622 1613 771 1655 forma:
802 1615 979 1656 Dorsum
1011 1620 1138 1655 totum
1169 1614 1466 1655 coerulescens
1497 1626 1628 1655 aeneo
1661 1613 1728 1653 vel
1756 1613 1876 1654 viridi
1905 1605 2038 1654 nitens
2062 1626 2153 1654 cum

277 1686 429 1737 capite,
468 1691 641 1738 pronote
683 1688 923 1741 elytrisque.
985 1688 1161 1741 Clypeus
1203 1688 1344 1740 capitis
1386 1700 1463 1727 nec
1500 1699 1582 1727 non
1614 1698 1757 1740 margo
1789 1688 1970 1728 anterior
2001 1692 2042 1728 et
2071 1699 2150 1739 po-

277 1759 428 1798 sterior
456 1761 617 1811 pronoti
647 1760 765 1801 valde
797 1766 969 1815 angusto
1002 1761 1093 1801 albo
1124 1760 1192 1800 vel
1224 1761 1350 1801 rubro
1383 1760 1568 1800 colorati.
1619 1759 1785 1799 Pronoti
1816 1759 1943 1801 fascia
1965 1760 2152 1815 longitu-

277 1831 423 1872 dinalis
455 1832 543 1872 alba
575 1833 640 1873 vel
669 1834 794 1875 rubra
824 1835 981 1886 postice
1012 1834 1151 1884 latior,
1178 1845 1326 1874 versus
1357 1833 1598 1886 hemielytra
1630 1845 1754 1886 saepe
1786 1833 1980 1875 desinens
2003 1834 2153 1874 lineola

278 1910 533 1955 transversa3
573 1908 779 1961 margines
818 1907 1010 1948 laterales
1040 1907 1202 1960 pronoti
1243 1911 1284 1947 et
1313 1906 1441 1947 latera
1468 1906 1803 1959 hemielytrorum
1834 1907 1922 1947 basi
1951 1907 2153 1947 interdum

275 1978 396 2018 latius
429 1978 521 2019 albo
553 1985 620 2020 aut
651 1980 777 2020 rubro
809 1982 928 2033 picta.
978 1980 1213 2020 Membrana
1243 1979 1580 2033 hemielytrorum
1612 1991 1775 2032 semper
1806 1979 1933 2020 fusca.
1986 1979 2154 2021 Seutel-

277 2052 359 2092 lum
390 2053 685 2093 trimaculatum
717 2053 876 2094 seilicet
905 2058 1068 2106 praeter
1098 2053 1297 2093 maculam
1329 2053 1525 2105 apicalem
1548 2052 1678 2093 albam
1701 2056 1768 2093 aut
1787 2052 1965 2103 rubram,
1997 2053 2154 2094 duabus

278 2124 469 2179 oblongis
502 2125 696 2166 deorsum
727 2131 859 2166 tamen
891 2127 1007 2178 apice
1038 2139 1118 2167 non
1150 2126 1448 2167 confluentibus
1480 2127 1537 2167 uti
1568 2127 1608 2166 in
1640 2130 1854 2179 sequente.
1907 2126 2059 2167 Venter
2089 2127 2155 2167 vel

280 2202 407 2238 totum
441 2199 668 2239 coeruleo—
701 2203 768 2239 aut
797 2199 1120 2240 viridi-aeneum
1152 2200 1216 2239 vel
1239 2199 1430 2252 pallidum
1453 2199 1625 2240 maculis
1647 2200 1686 2238 in
1709 2199 1824 2240 disco
1847 2204 1887 2239 et
1908 2200 1948 2240 in
1970 2201 2153 2254 margine

278 2272 407 2326 nigris
441 2273 618 2312 seriatim
652 2272 875 2324 dispositis.

390 2355 534 2395 Forma
565 2369 589 2408 y
619 2356 754 2397 differt
784 2360 933 2396 tautum
967 2357 1140 2396 scutelle
1172 2357 1328 2397 macula
1357 2369 1437 2396 una
1468 2356 1559 2396 alba
1590 2360 1658 2396 aut
1687 2356 1812 2396 rubra
1842 2361 1994 2398 notato.

392 2439 537 2480 Forma
566 2440 595 2491 β
625 2440 913 2494 magnitudinis
944 2452 1086 2492 parum
1117 2441 1304 2493 maJ'oris,
1344 2441 1499 2492 pictura
1530 2440 1701 2493 partium
1732 2441 1789 2481 uti
1828 2441 1867 2480 in
1898 2455 1926 2480 α
1957 2441 2031 2482 sed
2063 2441 2155 2482 loco

280 2513 397 2553 albae
428 2517 495 2554 aut
525 2513 699 2564 rubrae,
731 2527 893 2567 semper
923 2514 1047 2554 lutea,

282 2650 348 2693 47.
396 2649 578 2698 Penl.
611 2655 844 2698 ornata
873 2655 1066 2704 (Linn.);
1116 2654 1495 2707 nigro-rubroque
1533 2654 1598 2694 vel
1630 2654 1985 2708 nigro-flavoque
2022 2656 2154 2704 va1·ia;

395 2727 524 2778 capite
564 2727 723 2780 alisque
762 2727 915 2781 nigris;
964 2727 1194 2767 membrana
1233 2726 1568 2779 hemielytrorum
1613 2727 1728 2768 fusca
1779 2727 1872 2768 albo
1918 2729 2155 2782 marginata,

393 2799 502 2840 tibiis
535 2800 824 2841 concolor-ibus
845 2800 885 2840 ³¹⁵.

453 2887 621 2941 Species
654 2890 928 2944 magnitudine
968 2895 1007 2930 et
1044 2892 1201 2943 pictura
1240 2889 1357 2930 valde
1396 2889 1617 2930 variabilis.
1678 2889 1786 2929 Inter
1827 2889 2022 2930 adductas
2053 2890 2156 2930 infra

287 2963 435 3003 formas
467 2967 690 3015 sequentes
722 2963 983 3005 characteres
1015 2967 1249 3004 constantes
1279 2962 1383 3002 vidi:
1416 2975 1559 3015 nempe
1592 2974 1741 3015 corpus
1773 2966 1895 3014 supra
1925 2963 2157 3015 impresso—

286 3039 535 3086 punctatum,
575 3040 692 3087 caput
723 3037 860 3088 disee,
901 3038 1086 3078 antennis
1117 3037 1320 3088 tibiasque
1351 3040 1478 3086 totas,
1510 3036 1647 3089 nigra3
1694 3036 1964 3077 membranam
1996 3036 2157 3077 hemie-

286 3107 480 3159 lytrorum
513 3108 689 3158 fuscam,
721 3121 909 3162 opacam,
941 3111 1032 3151 albo
1065 3111 1339 3164 marginatam.
