2259 3506
449 449 570 493 Gen.
609 447 669 492 Il.
742 443 1029 491 TETYRA
1063 449 1178 489 Fabr.
1202 450 1336 490 Burm.
1360 448 1513 488 Handb.
1539 449 1575 488 d.
1600 449 1686 489 Ent.
1710 450 1756 490 ΙΙ.
1780 447 1873 492 389.
1896 449 1961 491 26.

284 568 403 609 Char.
439 575 514 608 arl.
574 568 699 619 Caput
730 567 978 620 triangulare
1006 568 1159 608 vertice
1192 568 1403 620 depresso.
1460 567 1742 607 Praesternum
1775 581 1895 620 supra
1927 569 2041 608 basin
2072 581 2147 607 an-

480 647 687 681 tennarum
727 639 943 679 laminatim
983 640 1203 681 dilatatum.
1266 641 1487 682 Scutellum
1520 640 1821 694 rectangulum,
1856 642 1969 693 apice
2002 645 2146 681 rotun-=

479 714 627 753 datum.
689 713 918 752 Membrana
950 714 1285 767 bemielytrorum
1326 713 1557 755 12-nervia.
1621 714 1980 765 Corpusnudum,
2019 714 2148 755 ovate.

479 786 798 838 subdepressum
831 787 910 827 late
947 789 1228 841 marginatum.

392 892 514 933 Char.
541 899 623 932 nal.
677 894 804 945 Caput
825 906 965 945 parum
991 894 1244 943 inclinatum,
1276 893 1421 943 latum,
1452 893 1720 946 triangulare,
1753 893 1905 933 vertice
1929 893 2148 945 depresso:

279 967 448 1019 clypeus
481 971 597 1006 acute
629 967 900 1020 marginatus,
938 966 1044 1006 lobis
1077 967 1197 1007 modo
1229 966 1418 1006 omnibus
1451 965 1686 1020 fastigiatis,
1726 966 1845 1005 modo
1879 966 2012 1006 medio
2043 967 2147 1006 iate—

276 1040 429 1080 ralibus
461 1040 663 1080 breviore.
725 1040 841 1081 Oculi
872 1041 1006 1092 parvi,
1037 1040 1124 1080 sere
1157 1040 1299 1081 subtus
1330 1039 1570 1079 absconditi.
1632 1038 1762 1079 Ocelli
1795 1039 1888 1079 (luo.
1937 1040 2149 1079 Antennae

278 1114 352 1154 sul)
392 1115 521 1166 capite
560 1114 737 1153 insertae
776 1113 940 1153 dimidio
980 1125 1153 1166 corpore
1193 1115 1232 1153 in
1267 1113 1520 1167 longitudine
1555 1112 1788 1163 breviores,
1831 1113 2150 1157 5-articulatae,

278 1201 330 1228 ex
361 1192 471 1239 parte
503 1201 524 1227 a
555 1188 781 1238 praesterni
820 1187 963 1226 lamina
1002 1187 1087 1226 basi
1130 1192 1398 1238 supertectae.
1459 1186 1737 1226 Antennarum
1770 1187 1964 1227 articulus
1995 1187 2148 1239 primus

278 1266 318 1301 et
348 1260 552 1301 secundus
584 1260 840 1314 aequilongi,
875 1265 1042 1310 tenues,
1073 1259 1279 1299 gemmans
1310 1260 1426 1299 tertio
1458 1259 1643 1312 longior,
1674 1260 1837 1299 ultimus
1859 1259 2029 1311 reliquis
2053 1260 2147 1298 lon—

277 1335 370 1387 gior
401 1333 661 1386 cylindricus.
721 1334 910 1373 Rostrum
943 1345 1223 1384 compressum
1258 1333 1371 1372 basin
1405 1332 1630 1372 abdominis
1663 1333 1879 1384 attingens.
1930 1333 2145 1373 Pronotum

278 1420 417 1460 parum
450 1419 676 1447 convexum
716 1407 987 1459 impressione
1018 1411 1251 1445 transversa
1291 1406 1496 1453 obsoleta3
1535 1407 1741 1459 margines
1772 1407 1999 1458 praesterni
2030 1409 2149 1450 acuti,

277 1481 414 1535 anguli
448 1479 679 1520 humerales
710 1479 912 1519 rotundati
944 1491 1024 1518 non
1056 1480 1224 1519 exserti.
1286 1479 1506 1520 Scutellum
1537 1480 1625 1519 basi
1656 1479 1962 1533 rectangulum,
2000 1493 2147 1519 versus

276 1556 430 1607 apicem
463 1553 720 1593 rotundatum
752 1553 885 1593 medio
918 1565 1145 1593 convexum
1178 1553 1499 1602 subcarinatum,
1531 1552 1746 1593 abdomine
1778 1554 2004 1606 angustius.
2056 1554 2147 1593 Ab-

277 1628 424 1667 ‹lomen
456 1627 720 1680 marginatum
752 1626 989 1678 hemielytra
1017 1626 1238 1666 excedens.
1300 1625 1548 1678 Heinielytra
1579 1626 1628 1665 ad
1661 1631 1813 1666 costam
1847 1627 2048 1673 cori-acea,
2079 1627 2145 1666 In—

276 1706 341 1741 tus
371 1700 691 1739 membranacea.
751 1699 984 1739 Membrana
1016 1700 1348 1752 bemielytrorum
1381 1700 1517 1739 nervis
1554 1699 1603 1740 12
1633 1700 1862 1752 parallelis,
1904 1712 1984 1739 uno
2017 1701 2146 1740 inter—

279 1773 412 1813 medio
451 1772 633 1811 furcatim
672 1771 815 1813 diviso.
894 1772 1024 1813 Pedes
1064 1773 1289 1821 normales,
1327 1772 1435 1812 tibiis
1476 1774 1657 1826 margine
1698 1773 1877 1812 breviter
1915 1774 2148 1824 spmulosis,

277 1847 399 1887 tarsis
430 1845 572 1885 subtus
604 1845 809 1885 setulosis.
833 1870 883 1873 —
908 1845 1064 1897 Corpus
1096 1846 1281 1899 glabrum
1315 1845 1634 1897 subdepressum
1668 1847 1707 1885 in
1739 1846 1873 1885 medio
1907 1860 2148 1895 convexum,

276 1920 371 1959 licet
401 1923 527 1958 totum
561 1919 600 1957 in
632 1918 755 1958 dorso
788 1931 1028 1959 convexum.
1053 1943 1102 1947 —
1129 1919 1295 1970 Species
1328 1918 1447 1970 liujus
1478 1919 1644 1970 generis
1677 1920 1819 1972 majori
1851 1934 1903 1959 ex
1934 1925 2046 1972 parte
2079 1921 2143 1959 in·-

275 1994 413 2034 colunt
458 1992 547 2032 loca
582 1991 693 2031 arida
732 1991 923 2031 sabulosa
957 1992 1072 2043 juxta
1111 1992 1266 2044 lapides
1307 1997 1343 2031 et
1384 1992 1432 2032 ad
1475 1992 1635 2032 radices
1674 1993 1898 2044 plantarum
1939 2007 1961 2032 e
2000 1994 2146 2046 quibus

276 2067 424 2106 victum
464 2065 539 2105 sibi
580 2069 840 2116 praepar-dmg
887 2064 1056 2104 odorem
1088 2066 1241 2116 spirant
1272 2064 1445 2105 debilem
1479 2067 1692 2119 ingratum.
1755 2065 1888 2106 Sexus
1920 2066 2144 2106 diss‘erentia

277 2138 587 2190 recognoscitur
627 2151 679 2177 ex
719 2142 921 2178 structura
959 2139 1161 2191 segmenti
1201 2139 1352 2189 analis,
1394 2139 1503 2191 quod
1547 2139 1651 2191 apud
1697 2151 1830 2179 mares
1869 2152 1946 2179 una
1986 2140 2145 2179 valvula

276 2212 456 2251 clausum
488 2216 569 2261 est,
600 2211 704 2264 apud
737 2210 933 2251 foeminas
965 2225 987 2250 e
1018 2211 1202 2262 pluribus
1235 2212 1470 2262 conflatum,
1502 2213 1602 2252 rima
1634 2212 1917 2265 longitudinali
1948 2213 2041 2253 hiat.

277 2318 374 2359 Sub
388 2318 580 2358 divisio
612 2318 754 2357 Prima.
816 2318 972 2370 Corpus
1005 2318 1350 2371 subdepressum,
1384 2320 1463 2360 late
1495 2325 1612 2360 acute
1644 2320 1909 2374 margInatum
1942 2321 1981 2359 in
2013 2321 2144 2359 medio

388 2404 636 2437 convexum,
675 2391 880 2444 margines
920 2391 1145 2432 abdominis
1176 2405 1198 2432 a
1231 2393 1402 2433 scutelle
1435 2405 1515 2433 non
1547 2394 1719 2443 obtecti,
1761 2394 1929 2433 exserti.
1998 2393 2141 2434 Eum*—

388 2478 546 2505 GASTER
578 2464 666 2504 Am.
689 2469 728 2504 et
749 2464 853 2503 Aud.
877 2464 991 2504 Serv.
1018 2465 1130 2504 Hem.
1155 2466 1221 2506 51.
1244 2464 1310 2508 23.

302 2587 341 2628 3.
395 2586 523 2646 Τοῖς
554 2586 957 2630 fflaroccana
988 2588 1179 2638 (Fabr.);
1220 2590 1365 2640 pallide
1398 2590 1619 2637 ochracea,
1658 2590 1873 2643 rugulosa;
1918 2590 2143 2629 abdominis

387 2660 568 2714 margine
599 2660 789 2712 utrinque
819 2659 1014 2700 latissime
1044 2662 1275 2712 prominulo
1307 2663 1667 2703 fusco-maculato.
1728 2663 1855 2715 Long.
1888 2662 1984 2702 circ.
2014 2661 2038 2704 6
2062 2662 2127 2702 lin.

369 2749 487 2781 cimex
511 2760 736 2781 maroc-canus
763 2748 862 2781 Fabr.
881 2749 954 2782 Eut.
974 2750 1060 2792 Syst.
1079 2751 1189 2795 suppl.
1208 2751 1284 2784 529.
1302 2751 1355 2785 31.

371 2813 493 2853 Tetyra
515 2823 723 2844 maroc-cana
747 2811 846 2844 Fabr.
863 2811 951 2853 Syst.
970 2812 1101 2856 Rhyng.
1119 2812 1193 2846 135.
1208 2812 1261 2847 35.
1288 2814 1384 2847 llerr.
1404 2814 1548 2848 Schacll'.
1566 2816 1598 2847 in
1619 2814 1718 2847 Panz.
1738 2819 1827 2846 cont.
1847 2813 1883 2846 1³.
1902 2824 2006 2855 germ.
2023 2812 2095 2846 114.
2113 2813 2133 2845 (i

368 2873 532 2905 Platistus
557 2873 653 2916 Amy.
676 2874 753 2906 Ent.
774 2873 827 2906 Fr.
847 2872 901 2906 [11.
921 2872 973 2907 13.

389 2951 546 2991 Habitat
576 2953 614 2990 in
645 2953 790 2993 Russia
823 2953 1098 3001 meridionali;
1132 2955 1349 3005 specimina
1383 2956 1539 2995 Crimae
1571 2956 1674 2995 lecta
1706 2968 1726 2993 a
1749 2955 1804 2993 D.
1835 2954 1993 3004 Poluta,
2026 2968 2141 2995 com·-

280 3026 476 3065 municata
508 3025 640 3064 habui.

394 3114 598 3165 Sequente
630 3113 676 3152 Τ.
711 3114 945 3154 llollenlola
977 3116 1112 3165 latior,
1143 3127 1221 3154 non
1255 3116 1397 3165 nitida,
1428 3117 1765 3166 alutaceo-ssava,
1797 3117 2010 3158 abdomine
2044 3128 2139 3168 pro-

285 3191 378 3226 noto
410 3187 552 3226 latiore
584 3187 827 3238 marginato,
859 3188 1205 3229 fusco—maculato
1236 3188 1433 3230 distincta.
