2259 3506
391 670 489 731 DE
528 667 1134 731 HETEROPTERIS
1173 667 1647 731 GENERATIM.

199 840 525 891 Hemipterorum
558 838 723 879 Ordinis
755 840 975 879 Linnaeani
1006 850 1123 891 pars,
1155 851 1259 890 qnae
1290 838 1541 895 hemielylris
1572 848 1791 896 rostroque
1822 855 1965 881 versus

79 917 228 967 pectus
259 910 408 965 instem
441 912 611 961 eminet,
642 912 707 951 vel
741 912 990 963 superficiali
1022 915 1173 951 tantum
1205 911 1565 951 instrumentorum
1598 915 1682 953 oris
1713 915 1966 966 inspectione

87 984 207 1024 facile
240 985 278 1022 in
311 984 410 1023 duas
443 996 610 1037 magnas
643 984 870 1037 Phalanges
902 983 1005 1032 abit3
1056 989 1235 1023 rostrum
1275 984 1381 1022 enim
1413 984 1503 1023 aliis
1535 989 1598 1023 est
1623 985 1813 1037 stolelale
1841 1001 1916 1027 sea
1947 1002 1969 1027 e

85 1057 232 1111 eapitis
263 1057 381 1111 apice
411 1057 570 1105 antico,
616 1057 706 1097 aliis
744 1056 898 1112 gulare
927 1069 1001 1095 Seu
1037 1054 1250 1110 pectorale
1280 1070 1301 1094 e
1331 1056 1479 1110 casn'tis
1503 1062 1629 1110 parte
1658 1058 1788 1111 infera
1818 1064 1857 1098 el
1876 1074 1968 1113 po—

84 1129 187 1168 stica
232 1126 306 1167 sul)
348 1127 453 1183 gula
501 1143 712 1169 enascens.
800 1129 910 1168 Haec
957 1128 1325 1167 Gulaerostria
1372 1128 1656 1183 (Ilemoplercz
1693 1130 1850 1179 Latin),
1901 1131 1968 1170 illa

85 1200 475 1239 Frontirostria
509 1201 810 1256 (Ileleroplera
843 1201 978 1250 Latr.)
1011 1201 1223 1252 appellavit
1257 1199 1314 1238 Cl.
1347 1200 1721 1240 Zetterstaedt
1743 1203 1779 1251 Ι)
1817 1202 1968 1243 Ambas

86 1277 218 1311 autem
260 1273 384 1312 hasce
422 1273 647 1327 phalanges
690 1274 945 1326 (subjunctis
982 1272 1256 1327 Phtlropleris
1295 1277 1332 1312 et
1374 1272 1673 1327 I'semlopteris
1704 1274 1969 1326 An1y01i2))‚

87 1345 361 1396 complectunt
392 1358 497 1385 nunc
528 1345 767 1400 Hemiplera
790 1346 1049 1385 Latreilliana
1067 1346 1130 1395 3),
1162 1343 1445 1384 Prohoscidea
1477 1358 1498 1385 a
1522 1346 1715 1397 Scopolio
1736 1348 1796 1395 4),
1827 1346 1966 1404 quvn-

83 1422 189 1472 gola
221 1430 241 1456 a
264 1418 450 1457 Fabricio
469 1419 529 1468 5),
560 1417 806 1475 Rlzynelmla
837 1431 858 1457 a
891 1418 941 1457 cl.
973 1417 1282 1466 Bul·1neister⁶)
1316 1422 1355 1456 et
1385 1417 1670 1473 Arllzrognala
1703 1432 1723 1458 a
1748 1420 1968 1471 Spinola⁷)

86 1489 311 1539 nominata,
344 1491 378 1529 si
410 1491 516 1529 enim
550 1490 639 1530 aliis
671 1495 861 1530 carerent
892 1489 1220 1539 elmi-actorilms,
1248 1490 1330 1542 Jam
1363 1489 1440 1529 hoc
1474 1490 1563 1530 solo
1595 1503 1617 1530 e
1645 1491 1968 1532 conformatione

87 1561 171 1602 oris
204 1562 309 1601 inter
339 1562 525 1614 reliquos
558 1565 809 1603 insectorum
843 1562 1019 1601 Ordines
1052 1562 1400 1601 discernerentur.

201 1638 238 1681 ἕ.
270 1633 302 1673 1.
335 1634 605 1687 Heteroptera
637 1636 857 1686 antiquitus
883 1633 1055 1673 Cimices
1086 1639 1252 1686 propter
1283 1634 1532 1685 peculiarem
1554 1635 1739 1686 pluribus
1761 1638 1967 1689 proprium

85 1707 286 1760 ingratum
320 1707 512 1757 odorem,
557 1708 685 1757 dicta,
729 1709 768 1746 in
803 1706 989 1760 generali
1022 1711 1224 1746 structura
1265 1719 1356 1746 cum
1388 1706 1477 1746 aliis
1510 1708 1678 1747 insectis
1710 1711 1969 1760 conveniunt,

87 1782 128 1816 et
157 1790 178 1816 a
210 1778 411 1829 proximis
433 1779 692 1832 Homopteris
724 1779 1069 1831 Hemielytrorum
1103 1778 1256 1817 fabrica
1288 1783 1328 1817 et
1358 1780 1598 1829 praesertim
1631 1781 1710 1820 situ
1741 1784 1864 1822 rostri
1896 1796 1969 1822 re—

86 1849 249 1890 cedunt.
310 1851 356 1890 In
388 1856 610 1904 systemate
641 1852 813 1892 naturali
850 1853 955 1891 inter
986 1853 1142 1890 insecta
1174 1850 1447 1902 quadri-alata,
1487 1852 1802 1904 Hymenopteris
1834 1855 1968 1896 locum

86 1921 324 1962 inferiorem
357 1928 517 1974 tenent,
560 1925 662 1964 haec
694 1925 800 1964 enim
834 1925 991 1963 etiamsi
1024 1923 1264 1963 haustellata
1296 1928 1388 1963 sunt
1419 1936 1509 1963 cum
1539 1925 1787 1975 perfectiore
1819 1928 1969 1968 evolu-

88 1994 196 2033 tione
232 2007 481 2049 organorum
518 1997 629 2047 oris,
662 1997 752 2048 plus
783 2001 918 2035 tamen
949 1996 1029 2034 illis
1062 1997 1238 2035 instincti
1271 2000 1310 2034 et
1342 1996 1574 2036 intellectus
1599 1999 1828 2038 ostendunt.
1880 2001 1968 2040 Ha—

86 2066 194 2106 bitus
226 2067 305 2107 illis
337 2070 527 2120 proprius
560 2071 733 2108 maxime
764 2069 923 2115 varius3
958 2065 1100 2122 8)·ᾱηὶ
1116 2080 1152 2106 v.
1177 2081 1211 2107 c.
1236 2068 1515 2118 Scarabaeos,
1549 2067 1745 2110 Get-rides
1768 2070 1972 2129 etBeryti

86 2138 276 2190 Tipulas⁷
315 2140 587 2196 Myrmeceris
618 2141 826 2180 Formices
868 2144 907 2180 et
938 2139 1195 2179 Notoneclicz'
1226 2140 1498 2192 CercopideS,
1539 2154 1574 2180 e.
1599 2154 1630 2181 s.
1655 2154 1691 2193 p.
1724 2143 1763 2181 in
1794 2150 1967 2185 mentem

86 2215 294 2250 revocant.

199 2288 236 2330 §.
259 2281 297 2323 2.
349 2283 507 2336 Corpus
538 2284 902 2337 Heteropterorum
935 2289 1115 2325 constat:
1148 2285 1299 2336 capite,
1331 2285 1524 2335 thorace,
1557 2285 1651 2335 alis,
1683 2286 1898 2327 abdomine
1928 2293 1968 2327 et

84 2355 418 2396 extremitatibus.

821 2448 876 2494 Α.
950 2449 1223 2510 Caput.

197 2544 235 2587 ς.
259 2539 296 2581 3.
350 2540 476 2592 Caput
512 2541 552 2580 in
583 2542 818 2582 universum
850 2555 1039 2594 parvum,
1088 2542 1208 2581 modo
1251 2545 1363 2580 arcte
1403 2540 1558 2580 thoraci
1598 2541 1805 2592 adnatant,
1844 2544 1963 2583 modo

88 2613 311 2664 conspicuo
342 2613 450 2653 collo
482 2613 531 2653 ab
563 2613 633 2653 illo
666 2619 915 2666 separatum,
947 2614 1100 2653 variam
1134 2613 1312 2653 ostendit
1334 2612 1501 2653 sormam
1525 2614 1665 2653 sicuti:
1698 2614 1963 2655 orbiculatum

179 2768 213 2811 1)
239 2769 362 2802 Inseet.
390 2770 528 2814 lappon.
555 2768 669 2812 p.258
687 2775 719 2802 et
736 2768 812 2803 286.

176 2825 213 2866 2)
238 2826 371 2859 Entom.
398 2825 519 2869 Franc.
545 2825 645 2857 Mein.
672 2836 762 2858 mon.
789 2837 821 2869 p.
837 2825 904 2859 435
923 2831 956 2858 et
973 2823 1050 2858 470.

177 2881 214 2924 3)
242 2882 359 2925 Regno
384 2882 506 2914 animal
535 2880 632 2914 1829.
659 2882 697 2913 ΙΙ.
724 2880 799 2915 387.
826 2881 955 2915 Famill.
982 2880 1098 2913 Natur.
1124 2892 1158 2924 pa
1176 2879 1251 2913 419.

176 2936 213 2979 4)
239 2937 456 2981 Entomolog.
483 2937 622 2970 carniol.
649 2949 681 2979 p.
702 2935 775 2969 112.

176 2992 212 3034 5)
239 2993 325 3034 Syst.
353 2993 484 3037 Rhyng.
512 2994 667 3027 Brunsw.
696 2991 793 3025 1803.

177 3046 215 3088 6)
240 3047 371 3080 Handb.
398 3050 430 3082 d.
454 3049 531 3082 Ent.
556 3050 596 3082 II.
624 3048 722 3082 1839.
747 3059 780 3091 p.
797 3047 851 3080 45.

178 3102 215 3144 7)
239 3103 336 3136 Essai
363 3115 420 3137 sur
450 3105 499 3137 les
526 3115 650 3149 genrcs
677 3105 862 3137 d'Insectes
892 3108 1118 3147 appartenant
1143 3114 1158 3134 a
1187 3102 1321 3134 l'Ordre
1353 3101 1413 3133 des
1441 3100 1698 3144 Hemipt‘eresw
1716 3102 1966 3146 tletmopieres.

87 3158 201 3191 Genes
227 3157 322 3192 1837.
348 3170 380 3201 p.
397 3158 453 3194 23.
