2259 3506
891 221 959 224 ᾖ
1043 207 1138 240 XIX
1216 219 1287 222 —-

157 330 274 369 mode
306 328 369 368 vel
401 328 531 367 minus
563 332 651 378 apte
681 328 784 368 dicta
817 328 881 368 hic
913 330 1138 381 reperiant,
1169 329 1325 368 veniam
1359 329 1396 367 in
1429 341 1489 366 me
1513 327 1739 366 adhibeant,
1797 327 1906 373 Quae
1938 341 2013 366 ea·-

158 402 247 440 ‹lem
280 400 505 452 expetenda
537 400 632 440 mibi
663 406 725 441 cst
756 402 804 441 ab
837 402 906 452 iis,
939 403 1007 454 qui
1039 401 1240 441 sermonis
1272 401 1419 442 veteris
1451 399 1561 439 latini
1592 399 1771 451 leporem
1802 413 1849 440 ac
1881 412 2013 438 venu-

157 479 298 514 statem
342 473 408 514 bic
450 473 705 524 desiderent,
746 475 810 514 cui
851 474 1031 526 inprimis
1073 475 1112 513 in
1151 486 1195 512 re
1242 487 1263 513 a
1302 473 1510 513 veteribus
1548 472 1627 512 illis
1669 485 1806 524 parum
1846 476 2011 512 tractata

155 545 440 598 assequendae
472 559 534 586 me
567 558 645 586 non
677 551 752 586 tam
786 546 950 586 assidue
990 558 1153 597 operam
1194 558 1366 585 navasse
1398 545 1539 586 fateor.
1599 545 1641 585 In
1673 557 1752 598 quo
1785 557 1847 583 nie
1878 556 2011 584 cxcii—-

155 624 283 658 satum
316 619 364 658 iri
396 632 446 659 eo
478 620 606 672 magis
638 618 819 668 confido,
862 617 970 670 quod
1010 618 1048 656 in
1082 618 1432 669 disquisitionibus
1464 618 1664 670 ejusmodi
1696 631 1775 658 non
1805 622 1882 657 tam
1916 629 2010 656 ser—

155 693 284 732 monis
323 693 446 743 ratio,
485 704 604 744 quam
642 692 775 742 potius
815 703 883 730 res
924 691 1031 742 ipsa,
1077 690 1173 742 quid
1214 691 1290 729 sibi
1322 690 1453 729 valeat
1491 691 1640 742 quidve
1672 691 1931 731 emolumenti
1962 689 2010 729 ad

154 764 374 805 doctrinam
406 766 531 817 ipsam
562 763 727 814 afferat,
766 768 1009 815 quaeratur,
1050 764 1166 815 cujus
1204 764 1264 802 rei
1296 763 1424 815 gratia
1465 764 1499 802 si
1530 764 1594 803 vel
1626 764 1827 804 minimum
1860 763 2009 804 addere

154 838 281 887 valui,
313 838 486 878 cacteris
516 836 646 877 laudis
679 836 925 876 ornamentis
958 835 1131 875 libenter
1163 849 1224 875 me
1256 835 1375 875 defici
1406 836 1545 887 patiar.

263 911 371 950 Haec
413 910 710 962 qualiacunque
742 908 1050 963 Entcmologiae
1090 909 1352 948 incrementis
1393 909 1497 961 apud
1530 913 1731 949 nostrates
1771 910 1898 949 dicata
1939 920 2010 959 pro

150 984 257 1023 bono
288 996 334 1023 ac
364 996 496 1036 aequo
529 984 689 1035 accipe,
720 982 866 1021 Lector
886 981 1105 1021 Benevole.
1166 981 1308 1034 Neque
1341 985 1378 1021 te
1410 981 1459 1020 ad
1491 982 1647 1021 veniam
1680 980 2007 1021 commodandam

152 1057 296 1110 fugiat,
341 1069 424 1106 me,
468 1061 511 1096 ut
549 1056 769 1108 plerosque
810 1055 912 1094 alios
952 1056 991 1094 in
1030 1055 1107 1094 boc
1138 1055 1362 1094 studiorum
1400 1066 1555 1108 genere
1597 1066 1759 1105 operam
1801 1058 2007 1101 navantes,

152 1143 284 1181 neque
314 1130 514 1169 Fortunae
546 1142 679 1182 neque
710 1128 841 1168 laudis
872 1127 1068 1168 beneficia
1102 1130 1219 1180 sequi
1261 1133 1300 1168 et
1338 1128 1561 1179 expiscari,
1602 1127 1673 1166 sed
1707 1127 1836 1178 potius
1866 1126 2004 1165 Musa—

151 1216 236 1243 rum
276 1203 618 1256 qualiumcunque
653 1201 947 1242 eonsuetudine
987 1214 1034 1240 ac
1077 1214 1216 1241 amore
1257 1201 1373 1250 duci,
1413 1205 1493 1240 tum
1534 1200 1583 1239 ad
1616 1200 1720 1239 vitae
1753 1198 1909 1239 fastidia
1942 1198 2006 1237 le·-

151 1277 296 1316 nienda
327 1288 490 1328 operam
523 1274 723 1328 ejusmodi
754 1275 964 1326 suscipere
997 1287 1043 1313 ac
1076 1275 1220 1315 moliri.

263 1350 412 1390 Dabam
452 1349 653 1399 Berolini,
693 1348 820 1400 pridie
860 1347 1060 1388 Kalendas
1100 1347 1247 1399 Majas,
1296 1348 1387 1387 anni
1435 1346 1634 1386 millesimi
1681 1344 2004 1397 octingentesimi

151 1424 502 1476 quinquagesimo.

1616 1508 1656 1547 S.
1694 1506 1742 1546 B.
1786 1506 1833 1545 (ἶ.
