2259 3506
844 208 1246 258 —179—

119 348 169 384 ita
196 346 294 394 sint,
327 346 541 395 europaeis
564 344 642 383 illis
669 346 749 396 Jam
781 345 856 383 rite
889 345 1060 396 cognitis
1084 345 1261 396 quinque
1284 343 1520 394 speciebus,
1552 345 1591 379 et
1612 342 1795 392 quidem:
1831 341 1890 380 1⁰.
1925 342 1969 379 ,1.

116 417 333 456 limicornis
372 414 516 455 Fabr.
559 415 698 454 Dalilb.
738 415 850 468 Hym.
884 416 970 456 bor.
1004 415 1095 457 142.
1128 416 1201 464 75;
1248 415 1313 456 2⁰.
1345 413 1612 455 hi’ltzaffllalus
1645 412 1815 452 Dalill».
1854 412 1966 463 Hym.

116 488 317 529 bor.1ll2.
349 488 421 533 76;
451 487 517 529 3⁰.
553 486 749 526 li'emzedic‘
778 486 976 534 Curiis,
1009 488 1103 527 Brit.
1128 487 1334 527 Ent.X111.
1368 493 1392 527 t.
1411 486 1513 535 5843
1552 485 1617 526 4⁰.
1650 483 1965 525 tr·i‹,·ol01·Van-

117 560 348 608 ‹Zerlin(l.,
380 559 530 611 Lepell.
555 558 610 598 St.
639 557 756 610 Farg.
786 558 899 610 Hym.
924 559 988 600 ΙΙΙ.
1018 558 1084 601 89.
1118 562 1156 600 5.
1188 564 1228 598 et
1257 560 1322 599 5⁰.
1353 558 1605 613 Hatzeburgc‘
1640 555 1814 597 Dalilb.
1851 557 1964 608 Hym.

100 631 315 673 vbor.1l15.
347 632 419 682 77,
458 643 598 671 novam
638 631 857 669 memoriae
896 631 1091 671 indefessi
1130 633 1375 671 insectorum
1417 632 1606 671 Poloniae
1652 635 1691 670 et
1734 629 1966 669 Lithuaniae

115 705 352 745 scrutatoris
386 702 563 743 Caroli
590 700 648 741 (Ie
677 701 924 741 Pertlze'es
955 714 1109 742 sacram
1142 704 1294 743 addere
1324 704 1476 755 placet,
1518 716 1622 754 quae
1653 702 1748 741 licet
1778 701 1964 741 delinea—

114 777 223 816 tione
253 782 293 816 et
322 777 474 827 pictura
497 774 676 830 Αἰχεοηί
702 773 882 813 tricolor-i
908 775 1090 826 proxime
1118 776 1305 826 accedat,
1337 775 1540 814 nonnullis
1571 779 1702 814 tamen
1725 774 1885 814 diversa
1916 774 1964 812 ab

113 849 205 899 illo,
235 862 298 889 me
329 851 543 897 censente,
575 858 671 886 esse
701 846 873 886 videtur.
906 871 957 877 —

117 993 150 1035 I.
195 992 291 1036 Al.
324 985 709 1041 Perthe'esi*3
750 992 887 1045 niger,
929 996 1130 1031 metanoto
1170 993 1284 1042 rufo,
1323 993 1450 1043 spatio
1493 991 1792 1043 postscutellari
1825 991 1962 1043 nigro:

249 1065 475 1113 abdomine,
506 1063 591 1102 basi
614 1063 703 1102 rufo
735 1064 772 1102 in
796 1068 1006 1116 segmento
1029 1064 1209 1104 secundo
1231 1064 1322 1103 albo
1347 1064 1600 1103 bimaculato.
1646 1063 1771 1115 Long.
1803 1061 1855 1115 ’Σὲ
1874 1062 1961 1105 lin.;

248 1138 344 1177 alar.
376 1149 466 1188 exp.
496 1135 549 1188 li}
571 1136 638 1174 lin.
698 1136 836 1175 Tabul.
859 1136 991 1176 Nostr.
1009 1136 1054 1177 11.
1087 1137 1152 1190 fig.
1170 1136 1207 1177 2.
1228 1136 1416 1189 sbemina
1429 1135 1444 1174 J

222 1237 377 1276 Habitat
406 1237 444 1275 in
476 1235 616 1275 Vilnae
648 1235 830 1275 confiniis
859 1236 907 1275 ad
940 1236 1112 1276 fluminis
1143 1237 1270 1276 Viliac
1307 1248 1400 1276 oras
1440 1235 1672 1284 sabulosas,
1712 1234 1778 1274 ubi
1811 1233 1961 1284 aliquot

123 1334 128 1340 .
222 1334 228 1339 .
428 1331 434 1337 .
513 1331 518 1337 .
819 1308 833 1341 1
1111 1332 1117 1339 .
1202 1330 1216 1345 η
1261 1330 1272 1341 ,
1304 1343 1308 1345 s
1379 1332 1385 1338 .
1517 1331 1523 1338 .
1559 1332 1565 1338 .

111 1334 324 1381 loeminae,
345 1331 543 1371 cuniculis
566 1330 787 1381 evolantes,
818 1357 859 1397 —7
894 1332 1142 1384 Septembris
1168 1331 1272 1373 12240
1296 1332 1450 1371 obviam
1475 1331 1568 1370 nnln
1590 1333 1798 1369 venerunt.
1826 1321 1959 1366 ‘Unum

110 1428 315 1480 specimen
347 1426 513 1466 Musaeo
545 1425 795 1466 berolinensi
827 1425 934 1468 1848
965 1427 1102 1467 detuli.

219 1500 446 1553 Descriptio
476 1498 698 1551 foeminae.
758 1499 991 1553 Magnitudo
1030 1499 1229 1556 Alysonls
1255 1498 1418 1552 sim-cati
1452 1498 1603 1537 Panz.
1644 1497 1790 1547 (Faun.
1831 1506 1958 1547 germ.

109 1573 175 1614 51.
207 1572 266 1623 3).
325 1572 451 1623 Caput
478 1571 658 1623 nigrum,
698 1571 868 1622 nudum,
908 1572 1096 1623 nitidum,
1136 1572 1278 1623 clypeo
1318 1576 1400 1611 toto
1440 1571 1515 1611 sub
1554 1569 1737 1609 antennis
1769 1568 1957 1606 sericeo-

110 1647 234 1694 ssavo3
279 1645 402 1684 striae
441 1643 544 1683 duae
573 1648 664 1683 ante
702 1644 853 1683 orbitas
893 1645 998 1684 inter
1028 1645 1171 1685 oculos
1210 1645 1309 1684 sitae
1350 1644 1533 1695 ejusdem
1573 1640 1746 1689 coloris,
1786 1638 1956 1678 medium

109 1718 253 1757 frontis
284 1716 622 1769 sericeo-grisei
652 1717 907 1769 attingentes.
966 1716 1221 1757 Mandibulae
1252 1721 1452 1766 arcuatae,
1483 1715 1630 1763 flavae,
1661 1713 1773 1765 apice
1806 1711 1958 1759 fuscae,

109 1791 274 1843 oblique
307 1788 545 1829 bidentatae.
602 1787 719 1840 Apex
748 1788 850 1828 labri
879 1801 1018 1840 parum
1048 1789 1264 1841 prominuli
1295 1790 1434 1829 ssavus.
1494 1788 1602 1838 Palpi
1632 1785 1780 1838 pallidi.
1842 1782 1956 1822 Oculi

109 1866 147 1904 in
191 1864 282 1902 vivo
313 1861 460 1913 pallide
502 1861 818 1911 viridescentes,
865 1861 1259 1903 fusco—maculatim
1300 1863 1513 1910 micantes,
1557 1861 1595 1899 in
1642 1861 1799 1897 mortuo
1840 1855 1955 1894 fusci.

108 1936 237 1976 Ocelli
268 1940 351 1974 tres
369 1934 584 1973 verticales
615 1933 742 1983 nitidi,
774 1935 813 1972 in
844 1935 1086 1987 triangulum
1109 1935 1325 1974 isoscelem
1349 1933 1546 1985 dispositi.
1593 1931 1801 1971 Antennae
1835 1940 1953 1978 supra

107 2011 232 2062 ipsam
264 2007 378 2047 basin
410 2006 541 2058 clypei
572 2007 769 2055 insertae,
800 2008 930 2045 statim
962 2011 1053 2058 post
1082 2012 1250 2046 mortem
1282 2006 1544 2054 convolutae,
1576 2000 1952 2043 duodecem-arti-

108 2081 277 2121 culatae.
338 2079 526 2131 Scapus
558 2078 771 2129 (articulus
803 2080 974 2130 primus)
1006 2084 1267 2119 antennarum
1292 2080 1562 2127 incrassatus,
1593 2087 1768 2127 superne
1799 2074 1953 2112 intror*

109 2167 194 2194 sum
224 2152 444 2205 pilosulus,
485 2151 626 2191 subtus
666 2151 813 2199 ssavus3
853 2151 1148 2203 pedicellus
1180 2151 1394 2201 (articulus
1426 2149 1651 2199 secundus)
1684 2153 1722 2187 et
1752 2145 1954 2199 flagellum

105 2227 239 2278 (artic.
269 2223 418 2266 3--12
458 2223 678 2273 inclusive)
716 2227 796 2263 tota
833 2224 960 2277 nigra.
1030 2224 1190 2264 Collare
1232 2236 1321 2263 cum
1368 2228 1538 2275 pronoto
1578 2223 1618 2261 in
1657 2220 1803 2260 collum
1851 2229 1951 2256 con—

107 2299 265 2349 stricta,
301 2297 438 2350 nigra3
476 2301 728 2336 inesonotum
766 2298 883 2336 etiam
915 2297 1094 2349 nigrum,
1133 2297 1274 2336 subtus
1305 2302 1346 2336 et
1374 2296 1421 2336 ad
1454 2296 1600 2345 latera,
1630 2288 1953 2334 sericeo-albido

106 2372 283 2412 nitentia.
342 2369 560 2409 Scutellum
591 2369 771 2421 planum,
801 2371 1013 2419 minutum,
1052 2374 1325 2410 transversum
1358 2382 1447 2409 cum
1482 2366 1647 2407 maculis
1678 2365 1831 2405 duabus
1863 2361 1950 2401 sul-

108 2445 255 2493 fureis,
285 2441 547 2482 subrotundis
577 2442 898 2482 conniventibus.
958 2442 1206 2482 Metathorax
1233 2442 1524 2497 ferrugineus,
1558 2440 1684 2491 spatio
1714 2433 1949 2486 triangulari

108 2515 406 2570 postscutellari
455 2515 587 2567 nigro.
654 2515 865 2566 Sculptura
912 2515 1087 2555 areolata
1133 2515 1342 2565 metanoti,
1387 2514 1609 2553 obliterata.
1673 2508 1773 2547 Alae
1819 2505 1948 2544 abdo—

108 2591 214 2630 mine
254 2588 487 2637 breviores,
533 2586 1024 2640 nebuloso-liz'sascialae,
1070 2588 1193 2628 fascia
1239 2587 1432 2626 interiore
1479 2585 1606 2624 fumea
1644 2579 1802 2620 areolas
1849 2578 1947 2616 duas

108 2661 352 2703 discoidales
382 2660 564 2711 replente
595 2660 724 2699 minus
755 2660 959 2711 distincta,
999 2662 1145 2712 altera,
1183 2672 1286 2712 quae
1318 2659 1484 2699 cellulas
1526 2651 1804 2706 marginalem,
1846 2650 1947 2690 sub-

200 2840 329 2882 „Caput
351 2840 493 2882 nigrum.
535 2837 631 2870 Oculi
648 2840 759 2881 magni
776 2838 877 2879 fusci,
903 2840 988 2872 linea
1008 2841 1092 2872 inter
1117 2837 1233 2870 oeulos
1259 2836 1429 2875 utrinque,
1453 2833 1540 2864 labio
1561 2829 1828 2872 mandibulieque
1845 2829 1948 2868 flavis,

154 2897 224 2935 „his
249 2897 344 2938 apice
367 2896 478 2927 fuscis.
520 2893 612 2936 Palpi
637 2894 730 2934 susci,
755 2896 850 2937 apice
874 2894 961 2928 ssavi.
999 2894 1173 2927 Antemnae
1199 2893 1324 2934 nigrae,
1348 2888 1489 2921 articulo
1516 2889 1622 2931 primo
1648 2886 1804 2929 longiore
1830 2884 1946 2916 subtus

156 2951 276 2992 „flav0.
320 2950 451 2984 Thorax
483 2957 564 2991 ater,
594 2950 846 2990 immaculatus,
878 2949 1018 2982 scutello
1056 2950 1142 2981 linea
1174 2947 1266 2978 flava.
1315 2945 1399 2977 Alae
1430 2942 1712 2985 albo-liyalinae,
1738 2941 1845 2973 antice
1870 2945 1946 2971 ante

156 3008 305 3050 „apicem
330 3007 431 3040 fascia
456 3008 649 3050 nigricante.
699 3007 875 3038 Abdomen
901 3008 1058 3045 nitidum,
1091 3005 1183 3045 apice
1209 3011 1322 3043 parum
1351 3001 1557 3042 pubescens,
1588 3000 1660 3032 basi
1691 2999 1818 3034 rufum,
1850 2997 1945 3039 apice

156 3065 324 3106 „nigrum,
348 3068 540 3104 punctoque
565 3063 676 3094 medio
702 3064 854 3106 utrinque
879 3067 1051 3105 segmento
1076 3059 1181 3101 primo
1207 3059 1304 3099 nigro
1331 3057 1509 3100 contiguo,
1541 3055 1792 3096 albo-pictum.
1840 3052 1946 3084 Pedes

156 3120 264 3160 „ssavi,
286 3119 468 3151 femoribus
493 3118 609 3149 anticis
634 3124 666 3150 et
690 3120 826 3161 posticis
852 3120 947 3162 apice
973 3118 1091 3161 nigris,
1118 3115 1167 3147 liis
1194 3115 1289 3156 apice
1313 3114 1478 3157 spinosis,
1503 3113 1589 3146 tibiis
1613 3111 1729 3145 mediis
1754 3115 1787 3141 et
1811 3109 1947 3151 posticis

157 3177 249 3218 „basi
274 3174 384 3215 ssavis,
407 3175 502 3216 apice
526 3174 663 3217 nigrisf³
691 3192 728 3198 -—-
