<?xml version="1.0" encoding="UTF-8"?>
<!DOCTYPE html PUBLIC "-//W3C//DTD XHTML 1.0 Transitional//EN"
    "http://www.w3.org/TR/xhtml1/DTD/xhtml1-transitional.dtd">
<html xmlns="http://www.w3.org/1999/xhtml" xml:lang="en" lang="en">
 <head>
  <title>
</title>
<meta http-equiv="Content-Type" content="text/html;charset=utf-8" />
  <meta name='ocr-system' content='tesseract 3.04.00' />
  <meta name='ocr-capabilities' content='ocr_page ocr_carea ocr_par ocr_line ocrx_word'/>
</head>
<body>
  <div class='ocr_page' id='page_1' title='image "analectaadentomo00gors_0069.png"; bbox 0 0 2259 3506; ppageno 0'>
   <div class='ocr_carea' id='block_1_1' title="bbox 800 229 1169 278">
    <p class='ocr_par' dir='ltr' id='par_1_1' title="bbox 800 229 1169 278">
     <span class='ocr_line' id='line_1_1' title="bbox 800 229 1169 278; baseline 0.003 -15"><span class='ocrx_word' id='word_1_1' title='bbox 800 229 1169 278; x_wconf 56' lang='grc' dir='ltr'>-ῃ-</span> 
     </span>
    </p>
   </div>
   <div class='ocr_carea' id='block_1_2' title="bbox 56 360 1923 486">
    <p class='ocr_par' dir='ltr' id='par_1_2' title="bbox 56 360 1923 486">
     <span class='ocr_line' id='line_1_2' title="bbox 57 360 1923 421; baseline 0.005 -21"><span class='ocrx_word' id='word_1_2' title='bbox 57 360 195 412; x_wconf 89' lang='lat' dir='ltr'>spicua</span> <span class='ocrx_word' id='word_1_3' title='bbox 234 360 334 401; x_wconf 86' lang='lat' dir='ltr'>flava</span> <span class='ocrx_word' id='word_1_4' title='bbox 373 367 412 402; x_wconf 88' lang='lat' dir='ltr'>et</span> <span class='ocrx_word' id='word_1_5' title='bbox 452 362 557 401; x_wconf 87' lang='lat' dir='ltr'>linea</span> <span class='ocrx_word' id='word_1_6' title='bbox 596 363 771 402; x_wconf 89' lang='lat' dir='ltr'>dorsalis</span> <span class='ocrx_word' id='word_1_7' title='bbox 802 364 902 403; x_wconf 82' lang='lat' dir='ltr'>ssava</span> <span class='ocrx_word' id='word_1_8' title='bbox 942 366 1097 416; x_wconf 83' lang='lat' dir='ltr'>postico</span> <span class='ocrx_word' id='word_1_9' title='bbox 1130 364 1298 405; x_wconf 82' lang='lat' dir='ltr'>bifurca.</span> <span class='ocrx_word' id='word_1_10' title='bbox 1360 365 1572 405; x_wconf 83' lang='lat' dir='ltr'>Abdomen</span> <span class='ocrx_word' id='word_1_11' title='bbox 1604 367 1792 418; x_wconf 82' lang='lat' dir='ltr'>utrinque</span> <span class='ocrx_word' id='word_1_12' title='bbox 1824 382 1923 421; x_wconf 87' lang='lat' dir='ltr'>pro-</span> 
     </span>
     <span class='ocr_line' id='line_1_3' title="bbox 56 432 941 486; baseline 0.005 -15"><span class='ocrx_word' id='word_1_13' title='bbox 56 432 178 471; x_wconf 80' lang='lat' dir='ltr'><strong>minet</strong></span> <span class='ocrx_word' id='word_1_14' title='bbox 209 433 392 486; x_wconf 79' lang='lat' dir='ltr'>margine</span> <span class='ocrx_word' id='word_1_15' title='bbox 425 445 546 485; x_wconf 86' lang='lat' dir='ltr'>supra</span> <span class='ocrx_word' id='word_1_16' title='bbox 579 434 941 476; x_wconf 79' lang='lat' dir='ltr'>fusco—maculato.</span> 
     </span>
    </p>
   </div>
   <div class='ocr_carea' id='block_1_3' title="bbox 30 518 1926 989">
    <p class='ocr_par' dir='ltr' id='par_1_3' title="bbox 30 518 1926 989">
     <span class='ocr_line' id='line_1_4' title="bbox 167 518 1923 578; baseline 0.007 -20"><span class='ocrx_word' id='word_1_17' title='bbox 167 518 406 560; x_wconf 69' lang='lat' dir='ltr'>Aslnotatio.</span> <span class='ocrx_word' id='word_1_18' title='bbox 469 521 621 562; x_wconf 81' lang='lat' dir='ltr'>Omnes</span> <span class='ocrx_word' id='word_1_19' title='bbox 654 523 772 575; x_wconf 77' lang='lat' dir='ltr'>huJ&#39;us</span> <span class='ocrx_word' id='word_1_20' title='bbox 806 524 1096 565; x_wconf 76' lang='lat' dir='ltr'>subdivisionis</span> <span class='ocrx_word' id='word_1_21' title='bbox 1129 526 1289 575; x_wconf 86' lang='lat' dir='ltr'>species</span> <span class='ocrx_word' id='word_1_22' title='bbox 1321 526 1359 564; x_wconf 90' lang='lat' dir='ltr'>in</span> <span class='ocrx_word' id='word_1_23' title='bbox 1392 530 1499 564; x_wconf 86' lang='lat' dir='ltr'>motu</span> <span class='ocrx_word' id='word_1_24' title='bbox 1531 525 1690 575; x_wconf 78' lang='lat' dir='ltr'>tardae,</span> <span class='ocrx_word' id='word_1_25' title='bbox 1722 532 1923 578; x_wconf 88' lang='lat' dir='ltr'>perterri—</span> 
     </span>
     <span class='ocr_line' id='line_1_5' title="bbox 55 593 1924 646; baseline 0.006 -17"><span class='ocrx_word' id='word_1_26' title='bbox 55 595 118 630; x_wconf 81' lang='lat' dir='ltr'>tae</span> <span class='ocrx_word' id='word_1_27' title='bbox 157 596 351 632; x_wconf 81' lang='lat' dir='ltr'>antennas</span> <span class='ocrx_word' id='word_1_28' title='bbox 393 593 433 632; x_wconf 93' lang='lat' dir='ltr'>in</span> <span class='ocrx_word' id='word_1_29' title='bbox 472 595 609 645; x_wconf 83' lang='lat' dir='ltr'>quiete</span> <span class='ocrx_word' id='word_1_30' title='bbox 656 599 848 634; x_wconf 82' lang='lat' dir='ltr'>extensas</span> <span class='ocrx_word' id='word_1_31' title='bbox 889 599 928 633; x_wconf 88' lang='lat' dir='ltr'>et</span> <span class='ocrx_word' id='word_1_32' title='bbox 967 601 1198 646; x_wconf 81' lang='lat' dir='ltr'>porrectas,</span> <span class='ocrx_word' id='word_1_33' title='bbox 1246 597 1378 635; x_wconf 84' lang='lat' dir='ltr'>subito</span> <span class='ocrx_word' id='word_1_34' title='bbox 1416 597 1626 636; x_wconf 85' lang='lat' dir='ltr'>retrahunt</span> <span class='ocrx_word' id='word_1_35' title='bbox 1661 603 1701 637; x_wconf 91' lang='lat' dir='ltr'>et</span> <span class='ocrx_word' id='word_1_36' title='bbox 1738 599 1778 639; x_wconf 93' lang='lat' dir='ltr'>in</span> <span class='ocrx_word' id='word_1_37' title='bbox 1810 602 1924 642; x_wconf 90' lang='lat' dir='ltr'>sulco</span> 
     </span>
     <span class='ocr_line' id='line_1_6' title="bbox 30 662 1924 725; baseline 0.006 -24"><span class='ocrx_word' id='word_1_38' title='bbox 30 671 31 674; x_wconf 77' lang='grc'>’</span> <span class='ocrx_word' id='word_1_39' title='bbox 56 662 223 702; x_wconf 85' lang='lat' dir='ltr'>sternali</span> <span class='ocrx_word' id='word_1_40' title='bbox 254 675 344 703; x_wconf 92' lang='lat' dir='ltr'>cum</span> <span class='ocrx_word' id='word_1_41' title='bbox 375 669 510 704; x_wconf 87' lang='lat' dir='ltr'>rostro</span> <span class='ocrx_word' id='word_1_42' title='bbox 543 666 817 714; x_wconf 77' lang='lat' dir='ltr'>abscondunt,</span> <span class='ocrx_word' id='word_1_43' title='bbox 849 666 958 717; x_wconf 87' lang='lat' dir='ltr'>quod</span> <span class='ocrx_word' id='word_1_44' title='bbox 990 679 1121 717; x_wconf 82' lang='lat' dir='ltr'>aeque</span> <span class='ocrx_word' id='word_1_45' title='bbox 1153 679 1199 706; x_wconf 87' lang='lat' dir='ltr'>ac</span> <span class='ocrx_word' id='word_1_46' title='bbox 1228 667 1295 706; x_wconf 89' lang='lat' dir='ltr'>illa</span> <span class='ocrx_word' id='word_1_47' title='bbox 1325 680 1445 719; x_wconf 89' lang='lat' dir='ltr'>supra</span> <span class='ocrx_word' id='word_1_48' title='bbox 1467 669 1602 719; x_wconf 85' lang='lat' dir='ltr'>basin,</span> <span class='ocrx_word' id='word_1_49' title='bbox 1633 670 1778 711; x_wconf 88' lang='lat' dir='ltr'>lamina</span> <span class='ocrx_word' id='word_1_50' title='bbox 1800 685 1924 725; x_wconf 90' lang='lat' dir='ltr'>prae—</span> 
     </span>
     <span class='ocr_line' id='line_1_7' title="bbox 55 735 1923 796; baseline 0.007 -24"><span class='ocrx_word' id='word_1_51' title='bbox 55 735 181 773; x_wconf 89' lang='lat' dir='ltr'>sterni</span> <span class='ocrx_word' id='word_1_52' title='bbox 213 735 372 775; x_wconf 87' lang='lat' dir='ltr'>dilatata</span> <span class='ocrx_word' id='word_1_53' title='bbox 403 737 534 776; x_wconf 85' lang='lat' dir='ltr'>antioc</span> <span class='ocrx_word' id='word_1_54' title='bbox 566 737 777 776; x_wconf 82' lang='lat' dir='ltr'>rotundata</span> <span class='ocrx_word' id='word_1_55' title='bbox 809 736 911 775; x_wconf 88' lang='lat' dir='ltr'>adeo</span> <span class='ocrx_word' id='word_1_56' title='bbox 942 737 1072 776; x_wconf 81' lang='lat' dir='ltr'>velata</span> <span class='ocrx_word' id='word_1_57' title='bbox 1105 743 1220 785; x_wconf 78' lang='lat' dir='ltr'>sunt,</span> <span class='ocrx_word' id='word_1_58' title='bbox 1256 743 1298 777; x_wconf 91' lang='lat' dir='ltr'>ut</span> <span class='ocrx_word' id='word_1_59' title='bbox 1329 751 1408 778; x_wconf 90' lang='lat' dir='ltr'>non</span> <span class='ocrx_word' id='word_1_60' title='bbox 1442 740 1558 780; x_wconf 80' lang='lat' dir='ltr'>facile</span> <span class='ocrx_word' id='word_1_61' title='bbox 1591 743 1629 781; x_wconf 91' lang='lat' dir='ltr'>in</span> <span class='ocrx_word' id='word_1_62' title='bbox 1661 750 1923 796; x_wconf 81' lang='lat' dir='ltr'>conspectum</span> 
     </span>
     <span class='ocr_line' id='line_1_8' title="bbox 54 807 1926 868; baseline 0.007 -23"><span class='ocrx_word' id='word_1_63' title='bbox 54 807 227 846; x_wconf 87' lang='lat' dir='ltr'>veniant.</span> <span class='ocrx_word' id='word_1_64' title='bbox 300 808 403 847; x_wconf 86' lang='lat' dir='ltr'>Huic</span> <span class='ocrx_word' id='word_1_65' title='bbox 441 808 672 847; x_wconf 88' lang='lat' dir='ltr'>encheiresi</span> <span class='ocrx_word' id='word_1_66' title='bbox 710 807 900 848; x_wconf 79' lang='lat' dir='ltr'>conducit</span> <span class='ocrx_word' id='word_1_67' title='bbox 941 809 1136 861; x_wconf 80' lang='lat' dir='ltr'>singulari</span> <span class='ocrx_word' id='word_1_68' title='bbox 1183 810 1302 849; x_wconf 87' lang='lat' dir='ltr'>modo</span> <span class='ocrx_word' id='word_1_69' title='bbox 1349 817 1562 851; x_wconf 72' lang='lat' dir='ltr'>curvatura</span> <span class='ocrx_word' id='word_1_70' title='bbox 1601 816 1758 855; x_wconf 80' lang='lat' dir='ltr'>articuli</span> <span class='ocrx_word' id='word_1_71' title='bbox 1795 819 1926 868; x_wconf 83' lang='lat' dir='ltr'>primi,</span> 
     </span>
     <span class='ocr_line' id='line_1_9' title="bbox 55 878 1924 938; baseline 0.007 -22"><span class='ocrx_word' id='word_1_72' title='bbox 55 878 123 929; x_wconf 88' lang='lat' dir='ltr'>qui</span> <span class='ocrx_word' id='word_1_73' title='bbox 155 891 286 930; x_wconf 87' lang='lat' dir='ltr'>aeque</span> <span class='ocrx_word' id='word_1_74' title='bbox 317 891 365 918; x_wconf 90' lang='lat' dir='ltr'>ac</span> <span class='ocrx_word' id='word_1_75' title='bbox 396 879 602 919; x_wconf 89' lang='lat' dir='ltr'>secundus</span> <span class='ocrx_word' id='word_1_76' title='bbox 634 891 714 919; x_wconf 92' lang='lat' dir='ltr'>non</span> <span class='ocrx_word' id='word_1_77' title='bbox 746 880 867 920; x_wconf 88' lang='lat' dir='ltr'>modo</span> <span class='ocrx_word' id='word_1_78' title='bbox 900 880 1113 933; x_wconf 80' lang='lat' dir='ltr'>elongatus</span> <span class='ocrx_word' id='word_1_79' title='bbox 1146 886 1184 919; x_wconf 79' lang='lat' dir='ltr'>et</span> <span class='ocrx_word' id='word_1_80' title='bbox 1216 885 1464 930; x_wconf 80' lang='lat' dir='ltr'>attenuatus,</span> <span class='ocrx_word' id='word_1_81' title='bbox 1504 884 1576 922; x_wconf 83' lang='lat' dir='ltr'>sed</span> <span class='ocrx_word' id='word_1_82' title='bbox 1609 890 1648 923; x_wconf 85' lang='lat' dir='ltr'>et</span> <span class='ocrx_word' id='word_1_83' title='bbox 1678 900 1818 938; x_wconf 88' lang='lat' dir='ltr'>parum</span> <span class='ocrx_word' id='word_1_84' title='bbox 1851 903 1924 930; x_wconf 90' lang='lat' dir='ltr'>ar-</span> 
     </span>
     <span class='ocr_line' id='line_1_10' title="bbox 55 953 300 989; baseline 0.004 -1"><span class='ocrx_word' id='word_1_85' title='bbox 55 953 196 988; x_wconf 89' lang='lat' dir='ltr'>cuatus</span> <span class='ocrx_word' id='word_1_86' title='bbox 226 953 300 989; x_wconf 83' lang='lat' dir='ltr'>est.</span> 
     </span>
    </p>
   </div>
   <div class='ocr_carea' id='block_1_4' title="bbox 55 1036 1925 1379">
    <p class='ocr_par' dir='ltr' id='par_1_4' title="bbox 55 1036 1925 1379">
     <span class='ocr_line' id='line_1_11' title="bbox 55 1036 1925 1092; baseline 0.007 -17"><span class='ocrx_word' id='word_1_87' title='bbox 55 1036 311 1077; x_wconf 85' lang='lat' dir='ltr'>Subdivis.</span> <span class='ocrx_word' id='word_1_88' title='bbox 345 1039 543 1080; x_wconf 87' lang='lat' dir='ltr'>Secunda.</span> <span class='ocrx_word' id='word_1_89' title='bbox 606 1040 763 1092; x_wconf 85' lang='lat' dir='ltr'>Corpus</span> <span class='ocrx_word' id='word_1_90' title='bbox 805 1052 925 1092; x_wconf 86' lang='lat' dir='ltr'>supra</span> <span class='ocrx_word' id='word_1_91' title='bbox 965 1052 1191 1081; x_wconf 78' lang='lat' dir='ltr'>convexum</span> <span class='ocrx_word' id='word_1_92' title='bbox 1224 1042 1534 1082; x_wconf 84' lang='lat' dir='ltr'>tuberculatum.</span> <span class='ocrx_word' id='word_1_93' title='bbox 1594 1044 1807 1086; x_wconf 89' lang='lat' dir='ltr'>Abdomen</span> <span class='ocrx_word' id='word_1_94' title='bbox 1839 1049 1925 1089; x_wconf 84' lang='lat' dir='ltr'>fere</span> 
     </span>
     <span class='ocr_line' id='line_1_12' title="bbox 164 1112 1924 1171; baseline 0.005 -22"><span class='ocrx_word' id='word_1_95' title='bbox 164 1113 290 1148; x_wconf 88' lang='lat' dir='ltr'>totum</span> <span class='ocrx_word' id='word_1_96' title='bbox 323 1123 345 1150; x_wconf 90' lang='lat' dir='ltr'>a</span> <span class='ocrx_word' id='word_1_97' title='bbox 377 1112 549 1151; x_wconf 89' lang='lat' dir='ltr'>scutello</span> <span class='ocrx_word' id='word_1_98' title='bbox 581 1112 812 1161; x_wconf 77' lang='lat' dir='ltr'>obtectum,</span> <span class='ocrx_word' id='word_1_99' title='bbox 846 1112 1179 1165; x_wconf 81' lang='lat' dir='ltr'>hemielytrorum</span> <span class='ocrx_word' id='word_1_100' title='bbox 1213 1113 1377 1153; x_wconf 88' lang='lat' dir='ltr'>basilari</span> <span class='ocrx_word' id='word_1_101' title='bbox 1408 1119 1522 1166; x_wconf 85' lang='lat' dir='ltr'>parte</span> <span class='ocrx_word' id='word_1_102' title='bbox 1555 1117 1774 1168; x_wconf 88' lang='lat' dir='ltr'>conspicua</span> <span class='ocrx_word' id='word_1_103' title='bbox 1807 1132 1924 1171; x_wconf 85' lang='lat' dir='ltr'>quam</span> 
     </span>
     <span class='ocr_line' id='line_1_13' title="bbox 164 1182 1925 1236; baseline 0.007 -16"><span class='ocrx_word' id='word_1_104' title='bbox 164 1182 203 1221; x_wconf 90' lang='lat' dir='ltr'>in</span> <span class='ocrx_word' id='word_1_105' title='bbox 241 1183 515 1234; x_wconf 88' lang='lat' dir='ltr'>praecedente</span> <span class='ocrx_word' id='word_1_106' title='bbox 555 1185 804 1236; x_wconf 81' lang='lat' dir='ltr'>angustiore.</span> <span class='ocrx_word' id='word_1_107' title='bbox 867 1184 1088 1225; x_wconf 88' lang='lat' dir='ltr'>Scutellum</span> <span class='ocrx_word' id='word_1_108' title='bbox 1128 1186 1264 1225; x_wconf 89' lang='lat' dir='ltr'>carina</span> <span class='ocrx_word' id='word_1_109' title='bbox 1298 1186 1482 1225; x_wconf 80' lang='lat' dir='ltr'>obsoleta</span> <span class='ocrx_word' id='word_1_110' title='bbox 1514 1199 1535 1225; x_wconf 91' lang='lat' dir='ltr'>a</span> <span class='ocrx_word' id='word_1_111' title='bbox 1568 1187 1701 1227; x_wconf 88' lang='lat' dir='ltr'>medio</span> <span class='ocrx_word' id='word_1_112' title='bbox 1734 1189 1925 1231; x_wconf 88' lang='lat' dir='ltr'>deorsum</span> 
     </span>
     <span class='ocr_line' id='line_1_14' title="bbox 163 1254 1925 1310; baseline 0.005 -17"><span class='ocrx_word' id='word_1_113' title='bbox 163 1255 203 1293; x_wconf 92' lang='lat' dir='ltr'>in</span> <span class='ocrx_word' id='word_1_114' title='bbox 243 1254 497 1295; x_wconf 85' lang='lat' dir='ltr'>tuberculum</span> <span class='ocrx_word' id='word_1_115' title='bbox 538 1256 762 1295; x_wconf 88' lang='lat' dir='ltr'>elevatum:</span> <span class='ocrx_word' id='word_1_116' title='bbox 824 1256 1035 1296; x_wconf 67' lang='lat' dir='ltr'>PsAcAsTA</span> <span class='ocrx_word' id='word_1_117' title='bbox 1069 1255 1204 1297; x_wconf 89' lang='lat' dir='ltr'>Germ.</span> <span class='ocrx_word' id='word_1_118' title='bbox 1236 1257 1432 1297; x_wconf 73' lang='lat' dir='ltr'>Zeitschr.</span> <span class='ocrx_word' id='word_1_119' title='bbox 1456 1258 1483 1297; x_wconf 89' lang='lat' dir='ltr'><strong>l.</strong></span> <span class='ocrx_word' id='word_1_120' title='bbox 1509 1257 1543 1298; x_wconf 82' lang='lat'><strong>1.</strong></span> <span class='ocrx_word' id='word_1_121' title='bbox 1572 1257 1749 1310; x_wconf 78' lang='lat'><strong>(1839).</strong></span> <span class='ocrx_word' id='word_1_122' title='bbox 1772 1260 1839 1304; x_wconf 79' lang='grc'>68.</span> <span class='ocrx_word' id='word_1_123' title='bbox 1864 1263 1925 1304; x_wconf 86' lang='grc'>15.</span> 
     </span>
     <span class='ocr_line' id='line_1_15' title="bbox 163 1326 836 1379; baseline 0.003 -13"><span class='ocrx_word' id='word_1_124' title='bbox 163 1326 282 1379; x_wconf 80' lang='lat' dir='ltr'><strong>Amy.</strong></span> <span class='ocrx_word' id='word_1_125' title='bbox 307 1331 346 1366; x_wconf 92' lang='lat' dir='ltr'>et</span> <span class='ocrx_word' id='word_1_126' title='bbox 366 1326 470 1368; x_wconf 90' lang='lat' dir='ltr'>Aud.</span> <span class='ocrx_word' id='word_1_127' title='bbox 495 1328 610 1369; x_wconf 81' lang='lat' dir='ltr'>Serv,</span> <span class='ocrx_word' id='word_1_128' title='bbox 632 1327 746 1367; x_wconf 79' lang='lat' dir='ltr'>Hem.</span> <span class='ocrx_word' id='word_1_129' title='bbox 769 1326 836 1368; x_wconf 82' lang='grc'>45.</span> 
     </span>
    </p>
   </div>
   <div class='ocr_carea' id='block_1_5' title="bbox 81 1435 1929 2020">
    <p class='ocr_par' dir='ltr' id='par_1_5' title="bbox 81 1435 1928 1636">
     <span class='ocr_line' id='line_1_16' title="bbox 81 1435 1925 1497; baseline 0.004 -20"><span class='ocrx_word' id='word_1_130' title='bbox 81 1436 120 1478; x_wconf 82' lang='grc'>6.</span> <span class='ocrx_word' id='word_1_131' title='bbox 171 1435 302 1480; x_wconf 61' lang='grc' dir='ltr'>Ήΐ.</span> <span class='ocrx_word' id='word_1_132' title='bbox 328 1437 782 1491; x_wconf 73' lang='lat' dir='ltr'>pedemontana</span> <span class='ocrx_word' id='word_1_133' title='bbox 804 1439 982 1489; x_wconf 84' lang='lat' dir='ltr'>(Fabr.):</span> <span class='ocrx_word' id='word_1_134' title='bbox 1016 1439 1392 1490; x_wconf 76' lang='lat' dir='ltr'>fusco-rusescens,</span> <span class='ocrx_word' id='word_1_135' title='bbox 1419 1452 1558 1492; x_wconf 78' lang='lat' dir='ltr'>opaca,</span> <span class='ocrx_word' id='word_1_136' title='bbox 1581 1446 1781 1493; x_wconf 80' lang='lat' dir='ltr'>punctata,</span> <span class='ocrx_word' id='word_1_137' title='bbox 1804 1456 1925 1497; x_wconf 87' lang='lat' dir='ltr'>supra</span> 
     </span>
     <span class='ocr_line' id='line_1_17' title="bbox 164 1509 1928 1564; baseline 0.003 -16"><span class='ocrx_word' id='word_1_138' title='bbox 164 1509 571 1550; x_wconf 89' lang='lat' dir='ltr'>albo-verruculosa</span> <span class='ocrx_word' id='word_1_139' title='bbox 602 1523 639 1550; x_wconf 90' lang='lat' dir='ltr'><strong>v.</strong></span> <span class='ocrx_word' id='word_1_140' title='bbox 671 1511 816 1550; x_wconf 85' lang='lat' dir='ltr'>atomis</span> <span class='ocrx_word' id='word_1_141' title='bbox 848 1512 1198 1551; x_wconf 81' lang='lat' dir='ltr'>numerosissimis</span> <span class='ocrx_word' id='word_1_142' title='bbox 1239 1512 1384 1551; x_wconf 84' lang='lat' dir='ltr'>albidis</span> <span class='ocrx_word' id='word_1_143' title='bbox 1422 1524 1666 1564; x_wconf 68' lang='lat' dir='ltr'>conspersa3</span> <span class='ocrx_word' id='word_1_144' title='bbox 1713 1515 1928 1556; x_wconf 72' lang='lat' dir='ltr'>abdomine</span> 
     </span>
     <span class='ocr_line' id='line_1_18' title="bbox 163 1581 1059 1636; baseline 0.003 -16"><span class='ocrx_word' id='word_1_145' title='bbox 163 1581 305 1633; x_wconf 87' lang='lat' dir='ltr'>elytris</span> <span class='ocrx_word' id='word_1_146' title='bbox 334 1582 406 1621; x_wconf 85' lang='lat' dir='ltr'>vix</span> <span class='ocrx_word' id='word_1_147' title='bbox 435 1581 592 1621; x_wconf 82' lang='lat' dir='ltr'>latiore.</span> <span class='ocrx_word' id='word_1_148' title='bbox 653 1583 781 1636; x_wconf 80' lang='lat' dir='ltr'><strong>Long.</strong></span> <span class='ocrx_word' id='word_1_149' title='bbox 813 1582 966 1636; x_wconf 58' lang='grc' dir='ltr'><strong>4--4ὲ</strong></span> <span class='ocrx_word' id='word_1_150' title='bbox 990 1583 1059 1623; x_wconf 88' lang='lat' dir='ltr'>lin.</span> 
     </span>
    </p>

    <p class='ocr_par' dir='ltr' id='par_1_6' title="bbox 145 1668 1151 1713">
     <span class='ocr_line' id='line_1_19' title="bbox 145 1668 1151 1713; baseline -0.001 -12"><span class='ocrx_word' id='word_1_151' title='bbox 145 1668 264 1702; x_wconf 75' lang='lat' dir='ltr'>Cimex</span> <span class='ocrx_word' id='word_1_152' title='bbox 287 1669 436 1702; x_wconf 68' lang='lat' dir='ltr'>Antonii</span> <span class='ocrx_word' id='word_1_153' title='bbox 462 1669 556 1702; x_wconf 89' lang='lat' dir='ltr'>Linn.</span> <span class='ocrx_word' id='word_1_154' title='bbox 577 1670 664 1713; x_wconf 78' lang='lat' dir='ltr'>Syst.</span> <span class='ocrx_word' id='word_1_155' title='bbox 681 1670 757 1703; x_wconf 79' lang='lat' dir='ltr'>Nat.</span> <span class='ocrx_word' id='word_1_156' title='bbox 778 1672 831 1705; x_wconf 85' lang='lat' dir='ltr'>ed.</span> <span class='ocrx_word' id='word_1_157' title='bbox 853 1671 939 1703; x_wconf 86' lang='lat' dir='ltr'><strong>XIII.</strong></span> <span class='ocrx_word' id='word_1_158' title='bbox 956 1669 1057 1704; x_wconf 84' lang='lat'><strong>2132.</strong></span> <span class='ocrx_word' id='word_1_159' title='bbox 1076 1669 1151 1703; x_wconf 80' lang='grc'><strong>164.</strong></span> 
     </span>
    </p>

    <p class='ocr_par' dir='ltr' id='par_1_7' title="bbox 145 1730 1055 1775">
     <span class='ocr_line' id='line_1_20' title="bbox 145 1730 1055 1775; baseline 0.001 -12"><span class='ocrx_word' id='word_1_160' title='bbox 145 1731 263 1764; x_wconf 70' lang='lat' dir='ltr'>Cimea:</span> <span class='ocrx_word' id='word_1_161' title='bbox 287 1731 582 1764; x_wconf 69' lang='lat' dir='ltr'>exanthemattcus</span> <span class='ocrx_word' id='word_1_162' title='bbox 607 1731 741 1775; x_wconf 90' lang='lat' dir='ltr'>Scopol.</span> <span class='ocrx_word' id='word_1_163' title='bbox 766 1743 858 1765; x_wconf 86' lang='lat' dir='ltr'>carn.</span> <span class='ocrx_word' id='word_1_164' title='bbox 877 1731 952 1765; x_wconf 84' lang='lat'><strong>121.</strong></span> <span class='ocrx_word' id='word_1_165' title='bbox 970 1730 1055 1765; x_wconf 82' lang='lat'>353!</span> 
     </span>
    </p>

    <p class='ocr_par' dir='ltr' id='par_1_8' title="bbox 144 1791 1929 1899">
     <span class='ocr_line' id='line_1_21' title="bbox 144 1791 1929 1835; baseline 0.003 -10"><span class='ocrx_word' id='word_1_166' title='bbox 144 1793 262 1825; x_wconf 73' lang='lat' dir='ltr'>Cimeae</span> <span class='ocrx_word' id='word_1_167' title='bbox 283 1792 551 1835; x_wconf 81' lang='lat' dir='ltr'>pedemontanus</span> <span class='ocrx_word' id='word_1_168' title='bbox 576 1792 676 1825; x_wconf 87' lang='lat' dir='ltr'>Fabr.</span> <span class='ocrx_word' id='word_1_169' title='bbox 700 1793 776 1827; x_wconf 78' lang='lat' dir='ltr'>Ent.</span> <span class='ocrx_word' id='word_1_170' title='bbox 797 1793 883 1835; x_wconf 80' lang='lat' dir='ltr'>Syst.</span> <span class='ocrx_word' id='word_1_171' title='bbox 901 1793 956 1826; x_wconf 91' lang='lat' dir='ltr'><strong>IV.</strong></span> <span class='ocrx_word' id='word_1_172' title='bbox 977 1791 1053 1826; x_wconf 87' lang='grc'><strong>342.</strong></span> <span class='ocrx_word' id='word_1_173' title='bbox 1079 1792 1129 1826; x_wconf 88' lang='lat'>19.</span> <span class='ocrx_word' id='word_1_174' title='bbox 1180 1793 1299 1826; x_wconf 89' lang='lat' dir='ltr'>Villers</span> <span class='ocrx_word' id='word_1_175' title='bbox 1317 1794 1394 1828; x_wconf 83' lang='lat' dir='ltr'><strong>Ent.</strong></span> <span class='ocrx_word' id='word_1_176' title='bbox 1413 1794 1506 1827; x_wconf 88' lang='lat' dir='ltr'>Linn.</span> <span class='ocrx_word' id='word_1_177' title='bbox 1524 1793 1600 1828; x_wconf 78' lang='lat'><strong>482.</strong></span> <span class='ocrx_word' id='word_1_178' title='bbox 1619 1794 1652 1828; x_wconf 81' lang='lat' dir='ltr'>S.</span> <span class='ocrx_word' id='word_1_179' title='bbox 1700 1793 1803 1828; x_wconf 73' lang='lat' dir='ltr'>Rossi</span> <span class='ocrx_word' id='word_1_180' title='bbox 1824 1795 1929 1830; x_wconf 86' lang='lat' dir='ltr'>Faun.</span> 
     </span>
     <span class='ocr_line' id='line_1_22' title="bbox 188 1851 1689 1899; baseline 0 -13"><span class='ocrx_word' id='word_1_181' title='bbox 188 1858 247 1886; x_wconf 85' lang='lat' dir='ltr'>etr.</span> <span class='ocrx_word' id='word_1_182' title='bbox 266 1854 319 1885; x_wconf 90' lang='lat' dir='ltr'>ed.</span> <span class='ocrx_word' id='word_1_183' title='bbox 338 1852 429 1896; x_wconf 87' lang='lat' dir='ltr'>Jllig.</span> <span class='ocrx_word' id='word_1_184' title='bbox 451 1853 491 1885; x_wconf 89' lang='lat'><strong>11.</strong></span> <span class='ocrx_word' id='word_1_185' title='bbox 510 1851 586 1887; x_wconf 84' lang='lat'><strong>364.</strong></span> <span class='ocrx_word' id='word_1_186' title='bbox 605 1853 704 1887; x_wconf 85' lang='lat'><strong>1292.</strong></span> <span class='ocrx_word' id='word_1_187' title='bbox 754 1854 850 1886; x_wconf 87' lang='lat' dir='ltr'>Wols</span> <span class='ocrx_word' id='word_1_188' title='bbox 872 1855 966 1887; x_wconf 90' lang='lat' dir='ltr'>Icon.</span> <span class='ocrx_word' id='word_1_189' title='bbox 985 1854 1066 1887; x_wconf 86' lang='lat' dir='ltr'>Cim.</span> <span class='ocrx_word' id='word_1_190' title='bbox 1088 1853 1143 1888; x_wconf 82' lang='grc'>94.</span> <span class='ocrx_word' id='word_1_191' title='bbox 1163 1853 1217 1888; x_wconf 77' lang='grc'>88.</span> <span class='ocrx_word' id='word_1_192' title='bbox 1235 1855 1316 1889; x_wconf 88' lang='lat' dir='ltr'>Tab.</span> <span class='ocrx_word' id='word_1_193' title='bbox 1332 1855 1384 1887; x_wconf 91' lang='lat' dir='ltr'><strong>IX.</strong></span> <span class='ocrx_word' id='word_1_194' title='bbox 1408 1856 1463 1899; x_wconf 79' lang='lat' dir='ltr'><strong>fig.</strong></span> <span class='ocrx_word' id='word_1_195' title='bbox 1476 1854 1530 1888; x_wconf 80' lang='lat'><strong>88.</strong></span> <span class='ocrx_word' id='word_1_196' title='bbox 1552 1855 1689 1898; x_wconf 87' lang='lat' dir='ltr'>(bona).</span> 
     </span>
    </p>

    <p class='ocr_par' dir='ltr' id='par_1_9' title="bbox 146 1914 1928 2020">
     <span class='ocr_line' id='line_1_23' title="bbox 146 1914 1928 1959; baseline 0.002 -12"><span class='ocrx_word' id='word_1_197' title='bbox 146 1916 269 1958; x_wconf 82' lang='lat' dir='ltr'>Tetyra</span> <span class='ocrx_word' id='word_1_198' title='bbox 292 1915 542 1957; x_wconf 78' lang='lat' dir='ltr'>pedemontana</span> <span class='ocrx_word' id='word_1_199' title='bbox 567 1914 667 1948; x_wconf 86' lang='lat' dir='ltr'>Fabr.</span> <span class='ocrx_word' id='word_1_200' title='bbox 693 1921 772 1957; x_wconf 79' lang='lat' dir='ltr'>syst.</span> <span class='ocrx_word' id='word_1_201' title='bbox 796 1916 927 1959; x_wconf 62' lang='lat' dir='ltr'><strong>Rhyng.</strong></span> <span class='ocrx_word' id='word_1_202' title='bbox 954 1914 1030 1948; x_wconf 80' lang='lat'><strong>137.</strong></span> <span class='ocrx_word' id='word_1_203' title='bbox 1049 1914 1103 1948; x_wconf 84' lang='lat'>42.</span> <span class='ocrx_word' id='word_1_204' title='bbox 1152 1915 1266 1948; x_wconf 84' lang='lat' dir='ltr'>Burin.</span> <span class='ocrx_word' id='word_1_205' title='bbox 1292 1917 1425 1949; x_wconf 84' lang='lat' dir='ltr'>Ilandb.</span> <span class='ocrx_word' id='word_1_206' title='bbox 1453 1917 1485 1948; x_wconf 85' lang='lat' dir='ltr'><strong>d.</strong></span> <span class='ocrx_word' id='word_1_207' title='bbox 1504 1916 1638 1949; x_wconf 82' lang='lat' dir='ltr'><strong>Ent.11.</strong></span> <span class='ocrx_word' id='word_1_208' title='bbox 1657 1915 1784 1950; x_wconf 53' lang='lat'><strong>3944.</strong></span> <span class='ocrx_word' id='word_1_209' title='bbox 1833 1918 1928 1951; x_wconf 84' lang='lat' dir='ltr'>Herr.</span> 
     </span>
     <span class='ocr_line' id='line_1_24' title="bbox 186 1975 1130 2020; baseline -0.001 -12"><span class='ocrx_word' id='word_1_210' title='bbox 186 1975 332 2009; x_wconf 81' lang='lat' dir='ltr'>Schaeff.</span> <span class='ocrx_word' id='word_1_211' title='bbox 350 1977 383 2008; x_wconf 92' lang='lat' dir='ltr'>in</span> <span class='ocrx_word' id='word_1_212' title='bbox 403 1975 502 2008; x_wconf 87' lang='lat' dir='ltr'>Panz.</span> <span class='ocrx_word' id='word_1_213' title='bbox 523 1982 613 2009; x_wconf 87' lang='lat' dir='ltr'>cont.</span> <span class='ocrx_word' id='word_1_214' title='bbox 631 1976 739 2009; x_wconf 88' lang='lat' dir='ltr'>Faun.</span> <span class='ocrx_word' id='word_1_215' title='bbox 758 1988 828 2020; x_wconf 84' lang='lat' dir='ltr'>ger.</span> <span class='ocrx_word' id='word_1_216' title='bbox 849 1976 923 2010; x_wconf 86' lang='lat'><strong>111.</strong></span> <span class='ocrx_word' id='word_1_217' title='bbox 943 1976 972 2010; x_wconf 87' lang='grc'><strong>6.</strong></span> <span class='ocrx_word' id='word_1_218' title='bbox 992 1976 1130 2019; x_wconf 89' lang='lat' dir='ltr'>(bona).</span> 
     </span>
    </p>
   </div>
   <div class='ocr_carea' id='block_1_6' title="bbox 142 2036 1432 2141">
    <p class='ocr_par' dir='ltr' id='par_1_10' title="bbox 142 2036 1432 2141">
     <span class='ocr_line' id='line_1_25' title="bbox 142 2036 1172 2080; baseline 0 -10"><span class='ocrx_word' id='word_1_219' title='bbox 142 2038 338 2070; x_wconf 83' lang='lat' dir='ltr'>Scutellera</span> <span class='ocrx_word' id='word_1_220' title='bbox 361 2038 611 2080; x_wconf 77' lang='lat' dir='ltr'>pedemontana</span> <span class='ocrx_word' id='word_1_221' title='bbox 636 2037 725 2071; x_wconf 82' lang='lat' dir='ltr'>Latr.</span> <span class='ocrx_word' id='word_1_222' title='bbox 745 2038 825 2070; x_wconf 81' lang='lat' dir='ltr'>Hist.</span> <span class='ocrx_word' id='word_1_223' title='bbox 844 2043 911 2070; x_wconf 86' lang='lat' dir='ltr'>nat.</span> <span class='ocrx_word' id='word_1_224' title='bbox 930 2038 1001 2070; x_wconf 83' lang='lat' dir='ltr'><strong>XII.</strong></span> <span class='ocrx_word' id='word_1_225' title='bbox 1024 2036 1098 2070; x_wconf 80' lang='grc'><strong>181.</strong></span> <span class='ocrx_word' id='word_1_226' title='bbox 1119 2037 1172 2070; x_wconf 84' lang='grc'>15.</span> 
     </span>
     <span class='ocr_line' id='line_1_26' title="bbox 148 2096 1432 2141; baseline -0.001 -11"><span class='ocrx_word' id='word_1_227' title='bbox 148 2099 343 2131; x_wconf 73' lang='lat' dir='ltr'>Ventocoris</span> <span class='ocrx_word' id='word_1_228' title='bbox 365 2099 632 2141; x_wconf 79' lang='lat' dir='ltr'>pedemontanus</span> <span class='ocrx_word' id='word_1_229' title='bbox 653 2098 761 2131; x_wconf 87' lang='lat' dir='ltr'>Hahn.</span> <span class='ocrx_word' id='word_1_230' title='bbox 781 2099 898 2131; x_wconf 50' lang='lat' dir='ltr'>XVanz.</span> <span class='ocrx_word' id='word_1_231' title='bbox 917 2098 957 2131; x_wconf 92' lang='lat' dir='ltr'>II.</span> <span class='ocrx_word' id='word_1_232' title='bbox 974 2096 1027 2131; x_wconf 86' lang='lat'>37.</span> <span class='ocrx_word' id='word_1_233' title='bbox 1051 2098 1132 2130; x_wconf 83' lang='lat' dir='ltr'>Tab.</span> <span class='ocrx_word' id='word_1_234' title='bbox 1152 2098 1266 2134; x_wconf 80' lang='lat' dir='ltr'><strong>XLIII,</strong></span> <span class='ocrx_word' id='word_1_235' title='bbox 1285 2098 1339 2139; x_wconf 76' lang='lat' dir='ltr'>fig.</span> <span class='ocrx_word' id='word_1_236' title='bbox 1357 2096 1432 2131; x_wconf 68' lang='grc'><strong>134.</strong></span> 
     </span>
    </p>
   </div>
   <div class='ocr_carea' id='block_1_7' title="bbox 52 2158 1931 3144">
    <p class='ocr_par' dir='ltr' id='par_1_11' title="bbox 145 2158 1116 2203">
     <span class='ocr_line' id='line_1_27' title="bbox 145 2158 1116 2203; baseline -0.001 -12"><span class='ocrx_word' id='word_1_237' title='bbox 145 2159 311 2191; x_wconf 79' lang='lat' dir='ltr'>Psacasta</span> <span class='ocrx_word' id='word_1_238' title='bbox 330 2160 581 2203; x_wconf 76' lang='lat' dir='ltr'>pedemontana</span> <span class='ocrx_word' id='word_1_239' title='bbox 606 2159 718 2193; x_wconf 86' lang='lat' dir='ltr'>Germ.</span> <span class='ocrx_word' id='word_1_240' title='bbox 737 2159 899 2192; x_wconf 80' lang='lat' dir='ltr'>Zeitschr.</span> <span class='ocrx_word' id='word_1_241' title='bbox 919 2160 944 2191; x_wconf 94' lang='lat' dir='ltr'><strong>I.</strong></span> <span class='ocrx_word' id='word_1_242' title='bbox 966 2158 994 2191; x_wconf 83' lang='lat'>1.</span> <span class='ocrx_word' id='word_1_243' title='bbox 1013 2158 1066 2191; x_wconf 81' lang='lat'><strong>69.</strong></span> <span class='ocrx_word' id='word_1_244' title='bbox 1089 2158 1116 2190; x_wconf 90' lang='grc'>1.</span> 
     </span>
    </p>

    <p class='ocr_par' dir='ltr' id='par_1_12' title="bbox 144 2219 724 2262">
     <span class='ocr_line' id='line_1_28' title="bbox 144 2219 724 2262; baseline 0.002 -10"><span class='ocrx_word' id='word_1_245' title='bbox 144 2221 310 2252; x_wconf 84' lang='lat' dir='ltr'>Psacasta</span> <span class='ocrx_word' id='word_1_246' title='bbox 334 2220 430 2262; x_wconf 81' lang='lat' dir='ltr'><strong>Amy.</strong></span> <span class='ocrx_word' id='word_1_247' title='bbox 449 2220 525 2254; x_wconf 89' lang='lat' dir='ltr'><strong>Ent.</strong></span> <span class='ocrx_word' id='word_1_248' title='bbox 544 2220 597 2252; x_wconf 86' lang='lat' dir='ltr'><strong>Fr.</strong></span> <span class='ocrx_word' id='word_1_249' title='bbox 617 2219 672 2254; x_wconf 85' lang='lat'>36.</span> <span class='ocrx_word' id='word_1_250' title='bbox 691 2219 724 2253; x_wconf 87' lang='lat'>5.</span> 
     </span>
    </p>

    <p class='ocr_par' dir='ltr' id='par_1_13' title="bbox 165 2297 799 2339">
     <span class='ocr_line' id='line_1_29' title="bbox 165 2297 799 2339; baseline 0.003 -3"><span class='ocrx_word' id='word_1_251' title='bbox 165 2298 323 2337; x_wconf 88' lang='lat' dir='ltr'>Habitat</span> <span class='ocrx_word' id='word_1_252' title='bbox 351 2298 390 2337; x_wconf 92' lang='lat' dir='ltr'>in</span> <span class='ocrx_word' id='word_1_253' title='bbox 421 2297 588 2338; x_wconf 86' lang='lat' dir='ltr'>Podolia</span> <span class='ocrx_word' id='word_1_254' title='bbox 619 2298 799 2339; x_wconf 86' lang='lat' dir='ltr'>australi.</span> 
     </span>
    </p>

    <p class='ocr_par' dir='ltr' id='par_1_14' title="bbox 52 2369 1931 3144">
     <span class='ocr_line' id='line_1_30' title="bbox 165 2369 1928 2421; baseline 0 -12"><span class='ocrx_word' id='word_1_255' title='bbox 165 2370 292 2421; x_wconf 86' lang='lat' dir='ltr'>Caput</span> <span class='ocrx_word' id='word_1_256' title='bbox 322 2370 499 2410; x_wconf 88' lang='lat' dir='ltr'>obscure</span> <span class='ocrx_word' id='word_1_257' title='bbox 530 2369 691 2410; x_wconf 84' lang='lat' dir='ltr'>fuscum</span> <span class='ocrx_word' id='word_1_258' title='bbox 722 2383 759 2410; x_wconf 87' lang='lat' dir='ltr'><strong>v.</strong></span> <span class='ocrx_word' id='word_1_259' title='bbox 791 2371 1091 2410; x_wconf 83' lang='lat' dir='ltr'>immaculatum</span> <span class='ocrx_word' id='word_1_260' title='bbox 1123 2370 1188 2410; x_wconf 89' lang='lat' dir='ltr'>vel</span> <span class='ocrx_word' id='word_1_261' title='bbox 1219 2370 1449 2411; x_wconf 86' lang='lat' dir='ltr'>verruculis</span> <span class='ocrx_word' id='word_1_262' title='bbox 1480 2370 1832 2412; x_wconf 88' lang='lat' dir='ltr'>numerosissimis</span> <span class='ocrx_word' id='word_1_263' title='bbox 1864 2370 1928 2409; x_wconf 83' lang='lat' dir='ltr'>al-</span> 
     </span>
     <span class='ocr_line' id='line_1_31' title="bbox 52 2442 1928 2496; baseline -0.001 -14"><span class='ocrx_word' id='word_1_264' title='bbox 52 2442 158 2482; x_wconf 88' lang='lat' dir='ltr'>bidis</span> <span class='ocrx_word' id='word_1_265' title='bbox 189 2443 258 2481; x_wconf 82' lang='lat' dir='ltr'>vix</span> <span class='ocrx_word' id='word_1_266' title='bbox 289 2442 516 2491; x_wconf 81' lang='lat' dir='ltr'>excavatis,</span> <span class='ocrx_word' id='word_1_267' title='bbox 546 2442 847 2494; x_wconf 87' lang='lat' dir='ltr'>punctulatum;</span> <span class='ocrx_word' id='word_1_268' title='bbox 884 2442 968 2481; x_wconf 91' lang='lat' dir='ltr'>lobi</span> <span class='ocrx_word' id='word_1_269' title='bbox 1000 2442 1134 2494; x_wconf 87' lang='lat' dir='ltr'>clypei</span> <span class='ocrx_word' id='word_1_270' title='bbox 1165 2443 1422 2496; x_wconf 83' lang='lat' dir='ltr'>aequilongi,</span> <span class='ocrx_word' id='word_1_271' title='bbox 1452 2443 1610 2483; x_wconf 89' lang='lat' dir='ltr'>medius</span> <span class='ocrx_word' id='word_1_272' title='bbox 1642 2456 1663 2482; x_wconf 86' lang='lat' dir='ltr'>a</span> <span class='ocrx_word' id='word_1_273' title='bbox 1694 2442 1928 2481; x_wconf 87' lang='lat' dir='ltr'>lateralibus</span> 
     </span>
     <span class='ocr_line' id='line_1_32' title="bbox 54 2513 1928 2567; baseline -0.002 -13"><span class='ocrx_word' id='word_1_274' title='bbox 54 2514 170 2555; x_wconf 89' lang='lat' dir='ltr'>sulco</span> <span class='ocrx_word' id='word_1_275' title='bbox 210 2514 401 2566; x_wconf 83' lang='lat' dir='ltr'>utrinque</span> <span class='ocrx_word' id='word_1_276' title='bbox 434 2513 660 2554; x_wconf 90' lang='lat' dir='ltr'>distinctus.</span> <span class='ocrx_word' id='word_1_277' title='bbox 719 2515 857 2555; x_wconf 91' lang='lat' dir='ltr'>Rostri</span> <span class='ocrx_word' id='word_1_278' title='bbox 896 2514 1000 2554; x_wconf 86' lang='lat' dir='ltr'>susci</span> <span class='ocrx_word' id='word_1_279' title='bbox 1039 2514 1382 2555; x_wconf 78' lang='lat' dir='ltr'>brevis-articuli</span> <span class='ocrx_word' id='word_1_280' title='bbox 1414 2514 1653 2567; x_wconf 81' lang='lat' dir='ltr'>ferruginei.</span> <span class='ocrx_word' id='word_1_281' title='bbox 1713 2513 1928 2552; x_wconf 89' lang='lat' dir='ltr'>Antennae</span> 
     </span>
     <span class='ocr_line' id='line_1_33' title="bbox 52 2584 1928 2639; baseline -0.001 -14"><span class='ocrx_word' id='word_1_282' title='bbox 52 2586 141 2627; x_wconf 89' lang='lat' dir='ltr'>basi</span> <span class='ocrx_word' id='word_1_283' title='bbox 183 2585 445 2639; x_wconf 83' lang='lat' dir='ltr'>ferrugineae</span> <span class='ocrx_word' id='word_1_284' title='bbox 488 2585 657 2626; x_wconf 90' lang='lat' dir='ltr'>articulo</span> <span class='ocrx_word' id='word_1_285' title='bbox 699 2587 813 2626; x_wconf 75' lang='lat' dir='ltr'>lertio</span> <span class='ocrx_word' id='word_1_286' title='bbox 853 2584 1111 2635; x_wconf 72' lang='lat' dir='ltr'>brevissimo,</span> <span class='ocrx_word' id='word_1_287' title='bbox 1159 2587 1300 2626; x_wconf 88' lang='lat' dir='ltr'>ultimo</span> <span class='ocrx_word' id='word_1_288' title='bbox 1338 2587 1407 2626; x_wconf 84' lang='lat' dir='ltr'>vix</span> <span class='ocrx_word' id='word_1_289' title='bbox 1446 2586 1711 2638; x_wconf 86' lang='lat' dir='ltr'>pubescente.</span> <span class='ocrx_word' id='word_1_290' title='bbox 1771 2585 1928 2636; x_wconf 88' lang='lat' dir='ltr'>Corpus</span> 
     </span>
     <span class='ocr_line' id='line_1_34' title="bbox 53 2655 1928 2711; baseline -0.002 -13"><span class='ocrx_word' id='word_1_291' title='bbox 53 2658 201 2711; x_wconf 88' lang='lat' dir='ltr'>pallide</span> <span class='ocrx_word' id='word_1_292' title='bbox 239 2672 277 2698; x_wconf 91' lang='lat' dir='ltr'><strong>v.</strong></span> <span class='ocrx_word' id='word_1_293' title='bbox 317 2658 494 2698; x_wconf 88' lang='lat' dir='ltr'>obscure</span> <span class='ocrx_word' id='word_1_294' title='bbox 533 2658 871 2708; x_wconf 78' lang='lat' dir='ltr'>rubro—fuscum,</span> <span class='ocrx_word' id='word_1_295' title='bbox 910 2659 1272 2710; x_wconf 89' lang='lat' dir='ltr'>punctatissimum.</span> <span class='ocrx_word' id='word_1_296' title='bbox 1340 2659 1557 2698; x_wconf 88' lang='lat' dir='ltr'>Pronotum</span> <span class='ocrx_word' id='word_1_297' title='bbox 1598 2655 1928 2696; x_wconf 45' lang='lat' dir='ltr'>ruhi-offuscum</span> 
     </span>
     <span class='ocr_line' id='line_1_35' title="bbox 53 2728 1929 2783; baseline -0.002 -12"><span class='ocrx_word' id='word_1_298' title='bbox 53 2731 175 2771; x_wconf 92' lang='lat' dir='ltr'>simili</span> <span class='ocrx_word' id='word_1_299' title='bbox 205 2731 325 2770; x_wconf 89' lang='lat' dir='ltr'>modo</span> <span class='ocrx_word' id='word_1_300' title='bbox 357 2743 404 2770; x_wconf 89' lang='lat' dir='ltr'>ac</span> <span class='ocrx_word' id='word_1_301' title='bbox 437 2734 556 2782; x_wconf 85' lang='lat' dir='ltr'>caput</span> <span class='ocrx_word' id='word_1_302' title='bbox 585 2730 764 2782; x_wconf 89' lang='lat' dir='ltr'>lepidoto</span> <span class='ocrx_word' id='word_1_303' title='bbox 803 2730 1268 2783; x_wconf 83' lang='lat' dir='ltr'>impresso-punctatum</span> <span class='ocrx_word' id='word_1_304' title='bbox 1301 2743 1337 2769; x_wconf 92' lang='lat' dir='ltr'><strong>v.</strong></span> <span class='ocrx_word' id='word_1_305' title='bbox 1369 2728 1599 2769; x_wconf 84' lang='lat' dir='ltr'>verruculis</span> <span class='ocrx_word' id='word_1_306' title='bbox 1631 2728 1929 2768; x_wconf 87' lang='lat' dir='ltr'>numerosissi—</span> 
     </span>
     <span class='ocr_line' id='line_1_36' title="bbox 52 2799 1931 2855; baseline -0.003 -12"><span class='ocrx_word' id='word_1_307' title='bbox 52 2803 128 2843; x_wconf 90' lang='lat' dir='ltr'>mis</span> <span class='ocrx_word' id='word_1_308' title='bbox 159 2803 313 2855; x_wconf 85' lang='lat' dir='ltr'>sparsis</span> <span class='ocrx_word' id='word_1_309' title='bbox 344 2802 631 2843; x_wconf 83' lang='lat' dir='ltr'>luteo—albidis</span> <span class='ocrx_word' id='word_1_310' title='bbox 662 2803 920 2855; x_wconf 80' lang='lat' dir='ltr'>inspersum3</span> <span class='ocrx_word' id='word_1_311' title='bbox 961 2802 1098 2855; x_wconf 82' lang='lat' dir='ltr'>anguli</span> <span class='ocrx_word' id='word_1_312' title='bbox 1136 2801 1370 2841; x_wconf 88' lang='lat' dir='ltr'>humerales</span> <span class='ocrx_word' id='word_1_313' title='bbox 1409 2799 1633 2849; x_wconf 61' lang='lat' dir='ltr'>rotundam,</span> <span class='ocrx_word' id='word_1_314' title='bbox 1673 2800 1831 2851; x_wconf 85' lang='lat' dir='ltr'>postice</span> <span class='ocrx_word' id='word_1_315' title='bbox 1863 2801 1931 2838; x_wconf 80' lang='lat' dir='ltr'>vix</span> 
     </span>
     <span class='ocr_line' id='line_1_37' title="bbox 53 2872 1929 2928; baseline -0.002 -14"><span class='ocrx_word' id='word_1_316' title='bbox 53 2875 305 2928; x_wconf 83' lang='lat' dir='ltr'>emarginati.</span> <span class='ocrx_word' id='word_1_317' title='bbox 367 2874 588 2916; x_wconf 85' lang='lat' dir='ltr'>Scutellum</span> <span class='ocrx_word' id='word_1_318' title='bbox 620 2875 734 2927; x_wconf 89' lang='lat' dir='ltr'>apice</span> <span class='ocrx_word' id='word_1_319' title='bbox 766 2874 1022 2914; x_wconf 89' lang='lat' dir='ltr'>rotundatum</span> <span class='ocrx_word' id='word_1_320' title='bbox 1055 2885 1218 2914; x_wconf 89' lang='lat' dir='ltr'>sursum</span> <span class='ocrx_word' id='word_1_321' title='bbox 1248 2873 1404 2924; x_wconf 86' lang='lat' dir='ltr'>postice</span> <span class='ocrx_word' id='word_1_322' title='bbox 1438 2873 1477 2911; x_wconf 88' lang='lat' dir='ltr'>in</span> <span class='ocrx_word' id='word_1_323' title='bbox 1507 2872 1764 2912; x_wconf 88' lang='lat' dir='ltr'>tuberculum</span> <span class='ocrx_word' id='word_1_324' title='bbox 1786 2872 1929 2911; x_wconf 87' lang='lat' dir='ltr'>eleva-</span> 
     </span>
     <span class='ocr_line' id='line_1_38' title="bbox 52 2943 1930 2999; baseline -0.002 -13"><span class='ocrx_word' id='word_1_325' title='bbox 52 2950 158 2997; x_wconf 80' lang='lat' dir='ltr'>tum,</span> <span class='ocrx_word' id='word_1_326' title='bbox 195 2947 284 2987; x_wconf 90' lang='lat' dir='ltr'>basi</span> <span class='ocrx_word' id='word_1_327' title='bbox 314 2947 504 2999; x_wconf 86' lang='lat' dir='ltr'>utrinque</span> <span class='ocrx_word' id='word_1_328' title='bbox 535 2948 1041 2999; x_wconf 86' lang='lat' dir='ltr'>impresso—punctatum,</span> <span class='ocrx_word' id='word_1_329' title='bbox 1081 2945 1232 2985; x_wconf 87' lang='lat' dir='ltr'>coloris</span> <span class='ocrx_word' id='word_1_330' title='bbox 1264 2944 1446 2996; x_wconf 82' lang='lat' dir='ltr'>pronoti,</span> <span class='ocrx_word' id='word_1_331' title='bbox 1477 2949 1518 2983; x_wconf 89' lang='lat' dir='ltr'>et</span> <span class='ocrx_word' id='word_1_332' title='bbox 1547 2943 1747 2984; x_wconf 90' lang='lat' dir='ltr'>similibus</span> <span class='ocrx_word' id='word_1_333' title='bbox 1778 2955 1930 2983; x_wconf 85' lang='lat' dir='ltr'>verru-</span> 
     </span>
     <span class='ocr_line' id='line_1_39' title="bbox 55 3014 1930 3071; baseline -0.003 -12"><span class='ocrx_word' id='word_1_334' title='bbox 55 3018 158 3059; x_wconf 90' lang='lat' dir='ltr'>culis</span> <span class='ocrx_word' id='word_1_335' title='bbox 206 3019 352 3059; x_wconf 90' lang='lat' dir='ltr'>albidis</span> <span class='ocrx_word' id='word_1_336' title='bbox 397 3020 642 3071; x_wconf 88' lang='lat' dir='ltr'>inspersum.</span> <span class='ocrx_word' id='word_1_337' title='bbox 712 3018 876 3058; x_wconf 89' lang='lat' dir='ltr'>Corium</span> <span class='ocrx_word' id='word_1_338' title='bbox 924 3018 1261 3070; x_wconf 77' lang='lat' dir='ltr'>hemielytrorum</span> <span class='ocrx_word' id='word_1_339' title='bbox 1306 3015 1650 3056; x_wconf 85' lang='lat' dir='ltr'>rubro-fuscum.</span> <span class='ocrx_word' id='word_1_340' title='bbox 1717 3014 1930 3054; x_wconf 89' lang='lat' dir='ltr'>Abdomen</span> 
     </span>
     <span class='ocr_line' id='line_1_40' title="bbox 54 3086 1930 3144; baseline -0.002 -14"><span class='ocrx_word' id='word_1_341' title='bbox 54 3090 197 3130; x_wconf 89' lang='lat' dir='ltr'>subtus</span> <span class='ocrx_word' id='word_1_342' title='bbox 246 3091 427 3144; x_wconf 85' lang='lat' dir='ltr'>nigrum,</span> <span class='ocrx_word' id='word_1_343' title='bbox 472 3091 522 3130; x_wconf 89' lang='lat' dir='ltr'>ad</span> <span class='ocrx_word' id='word_1_344' title='bbox 565 3091 692 3130; x_wconf 89' lang='lat' dir='ltr'>latera</span> <span class='ocrx_word' id='word_1_345' title='bbox 739 3090 1245 3143; x_wconf 76' lang='lat' dir='ltr'>impresso-punctatum,</span> <span class='ocrx_word' id='word_1_346' title='bbox 1294 3088 1463 3128; x_wconf 87' lang='lat' dir='ltr'>maculis</span> <span class='ocrx_word' id='word_1_347' title='bbox 1504 3086 1765 3129; x_wconf 88' lang='lat' dir='ltr'>biserialihus</span> <span class='ocrx_word' id='word_1_348' title='bbox 1810 3086 1930 3126; x_wconf 86' lang='lat' dir='ltr'>luteis</span> 
     </span>
    </p>
   </div>
   <div class='ocr_carea' id='block_1_8' title="bbox 52 3158 1928 3261">
    <p class='ocr_par' dir='ltr' id='par_1_15' title="bbox 52 3158 1928 3261">
     <span class='ocr_line' id='line_1_41' title="bbox 52 3158 1928 3214; baseline -0.003 -11"><span class='ocrx_word' id='word_1_349' title='bbox 52 3162 411 3214; x_wconf 82' lang='lat' dir='ltr'>punctiformibus,</span> <span class='ocrx_word' id='word_1_350' title='bbox 441 3162 548 3203; x_wconf 85' lang='lat' dir='ltr'>linea</span> <span class='ocrx_word' id='word_1_351' title='bbox 579 3162 764 3214; x_wconf 88' lang='lat' dir='ltr'>ejusdem</span> <span class='ocrx_word' id='word_1_352' title='bbox 796 3162 950 3201; x_wconf 87' lang='lat' dir='ltr'>coloris</span> <span class='ocrx_word' id='word_1_353' title='bbox 983 3165 1152 3213; x_wconf 77' lang='lat' dir='ltr'>angusta</span> <span class='ocrx_word' id='word_1_354' title='bbox 1185 3159 1266 3198; x_wconf 86' lang='lat' dir='ltr'>illis</span> <span class='ocrx_word' id='word_1_355' title='bbox 1300 3159 1550 3212; x_wconf 75' lang='lat' dir='ltr'>interposita.</span> <span class='ocrx_word' id='word_1_356' title='bbox 1611 3159 1726 3198; x_wconf 90' lang='lat' dir='ltr'>Anus</span> <span class='ocrx_word' id='word_1_357' title='bbox 1757 3158 1928 3210; x_wconf 83' lang='lat' dir='ltr'>integer.</span> 
     </span>
     <span class='ocr_line' id='line_1_42' title="bbox 1639 3228 1661 3261; baseline 0 0"><span class='ocrx_word' id='word_1_358' title='bbox 1639 3228 1661 3261; x_wconf 86' lang='grc'><strong>6</strong></span> 
     </span>
    </p>
   </div>
  </div>
 </body>
</html>
