<?xml version="1.0" encoding="UTF-8"?>
<!DOCTYPE html PUBLIC "-//W3C//DTD XHTML 1.0 Transitional//EN"
    "http://www.w3.org/TR/xhtml1/DTD/xhtml1-transitional.dtd">
<html xmlns="http://www.w3.org/1999/xhtml" xml:lang="en" lang="en">
 <head>
  <title>
</title>
<meta http-equiv="Content-Type" content="text/html;charset=utf-8" />
  <meta name='ocr-system' content='tesseract 3.04.00' />
  <meta name='ocr-capabilities' content='ocr_page ocr_carea ocr_par ocr_line ocrx_word'/>
</head>
<body>
  <div class='ocr_page' id='page_1' title='image "analectaadentomo00gors_0123.png"; bbox 0 0 2259 3506; ppageno 0'>
   <div class='ocr_carea' id='block_1_1' title="bbox 792 189 1161 237">
    <p class='ocr_par' dir='ltr' id='par_1_1' title="bbox 792 189 1161 237">
     <span class='ocr_line' id='line_1_1' title="bbox 792 189 1161 237; baseline -0.005 1"><span class='ocrx_word' id='word_1_1' title='bbox 792 189 1161 237; x_wconf 68' lang='lat'>-95-</span> 
     </span>
    </p>
   </div>
   <div class='ocr_carea' id='block_1_2' title="bbox 22 323 1921 2177">
    <p class='ocr_par' dir='ltr' id='par_1_2' title="bbox 22 323 1921 1445">
     <span class='ocr_line' id='line_1_2' title="bbox 52 323 1918 378; baseline 0.002 -14"><span class='ocrx_word' id='word_1_2' title='bbox 52 327 184 365; x_wconf 87' lang='lat' dir='ltr'>lores:</span> <span class='ocrx_word' id='word_1_3' title='bbox 236 331 405 378; x_wconf 80' lang='lat' dir='ltr'>quartus</span> <span class='ocrx_word' id='word_1_4' title='bbox 438 331 476 365; x_wconf 83' lang='lat' dir='ltr'>et</span> <span class='ocrx_word' id='word_1_5' title='bbox 510 328 672 378; x_wconf 84' lang='lat' dir='ltr'>quintus</span> <span class='ocrx_word' id='word_1_6' title='bbox 714 327 752 364; x_wconf 92' lang='lat' dir='ltr'>in</span> <span class='ocrx_word' id='word_1_7' title='bbox 784 330 958 377; x_wconf 85' lang='lat' dir='ltr'>utroque</span> <span class='ocrx_word' id='word_1_8' title='bbox 999 337 1101 364; x_wconf 79' lang='lat' dir='ltr'>sexu</span> <span class='ocrx_word' id='word_1_9' title='bbox 1135 324 1238 364; x_wconf 84' lang='lat' dir='ltr'>susci</span> <span class='ocrx_word' id='word_1_10' title='bbox 1270 324 1357 363; x_wconf 90' lang='lat' dir='ltr'>basi</span> <span class='ocrx_word' id='word_1_11' title='bbox 1389 323 1637 373; x_wconf 84' lang='lat' dir='ltr'>discolores,</span> <span class='ocrx_word' id='word_1_12' title='bbox 1676 331 1741 364; x_wconf 89' lang='lat' dir='ltr'>aut</span> <span class='ocrx_word' id='word_1_13' title='bbox 1778 329 1918 369; x_wconf 87' lang='lat' dir='ltr'>saltem</span> 
     </span>
     <span class='ocr_line' id='line_1_3' title="bbox 52 395 1918 450; baseline 0.002 -13"><span class='ocrx_word' id='word_1_14' title='bbox 52 402 218 449; x_wconf 86' lang='lat' dir='ltr'>quartus</span> <span class='ocrx_word' id='word_1_15' title='bbox 258 398 345 437; x_wconf 88' lang='lat' dir='ltr'>basi</span> <span class='ocrx_word' id='word_1_16' title='bbox 390 397 665 450; x_wconf 77' lang='lat' dir='ltr'>ferrugineus.</span> <span class='ocrx_word' id='word_1_17' title='bbox 741 398 905 436; x_wconf 88' lang='lat' dir='ltr'>Pronoti</span> <span class='ocrx_word' id='word_1_18' title='bbox 944 397 1061 436; x_wconf 84' lang='lat' dir='ltr'>litura</span> <span class='ocrx_word' id='word_1_19' title='bbox 1100 396 1299 435; x_wconf 89' lang='lat' dir='ltr'>interdum</span> <span class='ocrx_word' id='word_1_20' title='bbox 1342 396 1526 435; x_wconf 82' lang='lat' dir='ltr'>obsoleta</span> <span class='ocrx_word' id='word_1_21' title='bbox 1562 395 1798 448; x_wconf 83' lang='lat' dir='ltr'>rufescens,</span> <span class='ocrx_word' id='word_1_22' title='bbox 1848 403 1918 441; x_wconf 85' lang='lat' dir='ltr'>sed</span> 
     </span>
     <span class='ocr_line' id='line_1_4' title="bbox 52 468 1920 522; baseline 0.002 -14"><span class='ocrx_word' id='word_1_23' title='bbox 52 470 256 522; x_wconf 80' lang='lat' dir='ltr'>margines</span> <span class='ocrx_word' id='word_1_24' title='bbox 296 469 488 509; x_wconf 75' lang='lat' dir='ltr'>laterales</span> <span class='ocrx_word' id='word_1_25' title='bbox 528 470 567 508; x_wconf 93' lang='lat' dir='ltr'>in</span> <span class='ocrx_word' id='word_1_26' title='bbox 605 469 707 509; x_wconf 89' lang='lat' dir='ltr'>vivis</span> <span class='ocrx_word' id='word_1_27' title='bbox 747 469 914 520; x_wconf 83' lang='lat' dir='ltr'>pulchre</span> <span class='ocrx_word' id='word_1_28' title='bbox 954 480 1078 508; x_wconf 89' lang='lat' dir='ltr'>roseo</span> <span class='ocrx_word' id='word_1_29' title='bbox 1110 470 1243 508; x_wconf 86' lang='lat' dir='ltr'>cincti.</span> <span class='ocrx_word' id='word_1_30' title='bbox 1304 468 1524 509; x_wconf 84' lang='lat' dir='ltr'>Scutellum</span> <span class='ocrx_word' id='word_1_31' title='bbox 1561 468 1648 509; x_wconf 91' lang='lat' dir='ltr'>basi</span> <span class='ocrx_word' id='word_1_32' title='bbox 1680 482 1920 521; x_wconf 85' lang='lat' dir='ltr'>convexum,</span> 
     </span>
     <span class='ocr_line' id='line_1_5' title="bbox 51 540 1920 593; baseline 0.002 -14"><span class='ocrx_word' id='word_1_33' title='bbox 51 554 208 580; x_wconf 88' lang='lat' dir='ltr'>summo</span> <span class='ocrx_word' id='word_1_34' title='bbox 247 542 362 593; x_wconf 92' lang='lat' dir='ltr'>apice</span> <span class='ocrx_word' id='word_1_35' title='bbox 402 543 552 592; x_wconf 87' lang='lat' dir='ltr'>passim</span> <span class='ocrx_word' id='word_1_36' title='bbox 591 544 762 593; x_wconf 88' lang='lat' dir='ltr'>anguste</span> <span class='ocrx_word' id='word_1_37' title='bbox 803 540 1111 580; x_wconf 86' lang='lat' dir='ltr'>subrufescens.</span> <span class='ocrx_word' id='word_1_38' title='bbox 1172 540 1419 592; x_wconf 81' lang='lat' dir='ltr'>Hemielytra</span> <span class='ocrx_word' id='word_1_39' title='bbox 1459 546 1629 592; x_wconf 88' lang='lat' dir='ltr'>pronoto</span> <span class='ocrx_word' id='word_1_40' title='bbox 1669 547 1708 581; x_wconf 90' lang='lat' dir='ltr'>et</span> <span class='ocrx_word' id='word_1_41' title='bbox 1748 545 1920 583; x_wconf 88' lang='lat' dir='ltr'>scutello</span> 
     </span>
     <span class='ocr_line' id='line_1_6' title="bbox 51 611 1921 664; baseline 0.003 -14"><span class='ocrx_word' id='word_1_42' title='bbox 51 612 271 651; x_wconf 78' lang='lat' dir='ltr'>concolora</span> <span class='ocrx_word' id='word_1_43' title='bbox 309 613 425 651; x_wconf 89' lang='lat' dir='ltr'>venis</span> <span class='ocrx_word' id='word_1_44' title='bbox 465 613 709 664; x_wconf 86' lang='lat' dir='ltr'>quandoque</span> <span class='ocrx_word' id='word_1_45' title='bbox 747 611 985 651; x_wconf 83' lang='lat' dir='ltr'><strong>rubicundis</strong></span> <span class='ocrx_word' id='word_1_46' title='bbox 1021 611 1117 650; x_wconf 88' lang='lat' dir='ltr'>licet</span> <span class='ocrx_word' id='word_1_47' title='bbox 1160 613 1367 651; x_wconf 89' lang='lat' dir='ltr'>rarissime</span> <span class='ocrx_word' id='word_1_48' title='bbox 1406 625 1615 664; x_wconf 88' lang='lat' dir='ltr'>percursa.</span> <span class='ocrx_word' id='word_1_49' title='bbox 1689 615 1921 655; x_wconf 81' lang='lat' dir='ltr'>Membrana</span> 
     </span>
     <span class='ocr_line' id='line_1_7' title="bbox 29 679 1919 737; baseline 0.003 -16"><span class='ocrx_word' id='word_1_50' title='bbox 29 679 382 735; x_wconf 71' lang='lat' dir='ltr'>vhemielytrorum</span> <span class='ocrx_word' id='word_1_51' title='bbox 423 696 587 735; x_wconf 90' lang='lat' dir='ltr'>semper</span> <span class='ocrx_word' id='word_1_52' title='bbox 626 684 762 732; x_wconf 83' lang='lat' dir='ltr'>fusca,</span> <span class='ocrx_word' id='word_1_53' title='bbox 808 682 944 722; x_wconf 89' lang='lat' dir='ltr'>nitida.</span> <span class='ocrx_word' id='word_1_54' title='bbox 1019 683 1233 722; x_wconf 87' lang='lat' dir='ltr'>Abdomen</span> <span class='ocrx_word' id='word_1_55' title='bbox 1280 696 1400 735; x_wconf 88' lang='lat' dir='ltr'>supra</span> <span class='ocrx_word' id='word_1_56' title='bbox 1448 686 1919 737; x_wconf 79' lang='lat' dir='ltr'>nigro-coerulescens.</span> 
     </span>
     <span class='ocr_line' id='line_1_8' title="bbox 49 755 1920 809; baseline 0.003 -16"><span class='ocrx_word' id='word_1_57' title='bbox 49 755 351 795; x_wconf 89' lang='lat' dir='ltr'>Commissurae</span> <span class='ocrx_word' id='word_1_58' title='bbox 390 760 696 808; x_wconf 88' lang='lat' dir='ltr'>segmentorum</span> <span class='ocrx_word' id='word_1_59' title='bbox 736 755 930 808; x_wconf 77' lang='lat' dir='ltr'>marginis</span> <span class='ocrx_word' id='word_1_60' title='bbox 970 755 1237 794; x_wconf 88' lang='lat' dir='ltr'>abdominalis</span> <span class='ocrx_word' id='word_1_61' title='bbox 1276 758 1415 809; x_wconf 89' lang='lat' dir='ltr'>strigis</span> <span class='ocrx_word' id='word_1_62' title='bbox 1447 757 1750 799; x_wconf 79' lang='lat' dir='ltr'>rufescentibus</span> <span class='ocrx_word' id='word_1_63' title='bbox 1782 765 1920 799; x_wconf 91' lang='lat' dir='ltr'>trans—</span> 
     </span>
     <span class='ocr_line' id='line_1_9' title="bbox 49 826 1919 879; baseline 0.003 -13"><span class='ocrx_word' id='word_1_64' title='bbox 49 828 182 867; x_wconf 85' lang='lat' dir='ltr'>versis</span> <span class='ocrx_word' id='word_1_65' title='bbox 215 831 373 866; x_wconf 83' lang='lat' dir='ltr'>notatae</span> <span class='ocrx_word' id='word_1_66' title='bbox 406 839 510 878; x_wconf 86' lang='lat' dir='ltr'>quae</span> <span class='ocrx_word' id='word_1_67' title='bbox 541 831 675 866; x_wconf 87' lang='lat' dir='ltr'>tamen</span> <span class='ocrx_word' id='word_1_68' title='bbox 706 838 910 878; x_wconf 87' lang='lat' dir='ltr'>nunquam</span> <span class='ocrx_word' id='word_1_69' title='bbox 943 826 1122 865; x_wconf 89' lang='lat' dir='ltr'>maculas</span> <span class='ocrx_word' id='word_1_70' title='bbox 1156 829 1439 879; x_wconf 85' lang='lat' dir='ltr'>symmetricas</span> <span class='ocrx_word' id='word_1_71' title='bbox 1473 829 1656 870; x_wconf 87' lang='lat' dir='ltr'>formant.</span> <span class='ocrx_word' id='word_1_72' title='bbox 1707 831 1859 871; x_wconf 86' lang='lat' dir='ltr'>Venter</span> <span class='ocrx_word' id='word_1_73' title='bbox 1881 833 1919 871; x_wconf 88' lang='lat' dir='ltr'>in</span> 
     </span>
     <span class='ocr_line' id='line_1_10' title="bbox 22 898 1920 955; baseline 0.003 -18"><span class='ocrx_word' id='word_1_74' title='bbox 22 899 141 937; x_wconf 66' lang='lat' dir='ltr'>⁴vivo</span> <span class='ocrx_word' id='word_1_75' title='bbox 181 899 459 947; x_wconf 84' lang='lat' dir='ltr'>laevissimus,</span> <span class='ocrx_word' id='word_1_76' title='bbox 506 898 676 947; x_wconf 89' lang='lat' dir='ltr'>nitidus,</span> <span class='ocrx_word' id='word_1_77' title='bbox 724 898 964 949; x_wconf 88' lang='lat' dir='ltr'>praesertim</span> <span class='ocrx_word' id='word_1_78' title='bbox 1003 898 1106 949; x_wconf 89' lang='lat' dir='ltr'>apud</span> <span class='ocrx_word' id='word_1_79' title='bbox 1147 911 1281 938; x_wconf 90' lang='lat' dir='ltr'>mares</span> <span class='ocrx_word' id='word_1_80' title='bbox 1323 901 1575 940; x_wconf 87' lang='lat' dir='ltr'>incarnatus:</span> <span class='ocrx_word' id='word_1_81' title='bbox 1627 904 1742 942; x_wconf 89' lang='lat' dir='ltr'>ostiis</span> <span class='ocrx_word' id='word_1_82' title='bbox 1784 905 1920 955; x_wconf 91' lang='lat' dir='ltr'>spira—</span> 
     </span>
     <span class='ocr_line' id='line_1_11' title="bbox 49 971 1920 1027; baseline 0.003 -17"><span class='ocrx_word' id='word_1_83' title='bbox 49 971 233 1010; x_wconf 84' lang='lat' dir='ltr'>culorum</span> <span class='ocrx_word' id='word_1_84' title='bbox 265 971 415 1022; x_wconf 91' lang='lat' dir='ltr'>nigris,</span> <span class='ocrx_word' id='word_1_85' title='bbox 455 971 493 1009; x_wconf 93' lang='lat' dir='ltr'>in</span> <span class='ocrx_word' id='word_1_86' title='bbox 526 975 702 1022; x_wconf 84' lang='lat' dir='ltr'>utroque</span> <span class='ocrx_word' id='word_1_87' title='bbox 735 983 838 1009; x_wconf 85' lang='lat' dir='ltr'>sexu</span> <span class='ocrx_word' id='word_1_88' title='bbox 869 975 960 1021; x_wconf 91' lang='lat' dir='ltr'>post</span> <span class='ocrx_word' id='word_1_89' title='bbox 991 974 1161 1009; x_wconf 90' lang='lat' dir='ltr'>mortem</span> <span class='ocrx_word' id='word_1_90' title='bbox 1194 971 1376 1012; x_wconf 84' lang='lat' dir='ltr'>rufescit.</span> <span class='ocrx_word' id='word_1_91' title='bbox 1438 972 1668 1014; x_wconf 85' lang='lat' dir='ltr'>Occurrunt</span> <span class='ocrx_word' id='word_1_92' title='bbox 1699 977 1920 1027; x_wconf 79' lang='lat' dir='ltr'>specimina</span> 
     </span>
     <span class='ocr_line' id='line_1_12' title="bbox 50 1042 1919 1097; baseline 0.003 -15"><span class='ocrx_word' id='word_1_93' title='bbox 50 1043 250 1082; x_wconf 86' lang='lat' dir='ltr'>foeminea</span> <span class='ocrx_word' id='word_1_94' title='bbox 283 1043 429 1093; x_wconf 85' lang='lat' dir='ltr'>quibus</span> <span class='ocrx_word' id='word_1_95' title='bbox 461 1043 603 1083; x_wconf 90' lang='lat' dir='ltr'>saltem</span> <span class='ocrx_word' id='word_1_96' title='bbox 640 1055 739 1082; x_wconf 90' lang='lat' dir='ltr'>anus</span> <span class='ocrx_word' id='word_1_97' title='bbox 771 1043 958 1091; x_wconf 84' lang='lat' dir='ltr'>virescit,</span> <span class='ocrx_word' id='word_1_98' title='bbox 991 1042 1066 1081; x_wconf 87' lang='lat' dir='ltr'>alia</span> <span class='ocrx_word' id='word_1_99' title='bbox 1100 1042 1261 1082; x_wconf 86' lang='lat' dir='ltr'>demum</span> <span class='ocrx_word' id='word_1_100' title='bbox 1293 1045 1512 1095; x_wconf 86' lang='lat' dir='ltr'>specimina</span> <span class='ocrx_word' id='word_1_101' title='bbox 1545 1046 1763 1097; x_wconf 80' lang='lat' dir='ltr'>foeminea,</span> <span class='ocrx_word' id='word_1_102' title='bbox 1794 1052 1919 1087; x_wconf 91' lang='lat' dir='ltr'>totum</span> 
     </span>
     <span class='ocr_line' id='line_1_13' title="bbox 49 1114 1920 1166; baseline 0.002 -11"><span class='ocrx_word' id='word_1_103' title='bbox 49 1115 194 1155; x_wconf 87' lang='lat' dir='ltr'>subtus</span> <span class='ocrx_word' id='word_1_104' title='bbox 226 1126 375 1166; x_wconf 88' lang='lat' dir='ltr'>corpus</span> <span class='ocrx_word' id='word_1_105' title='bbox 408 1115 634 1166; x_wconf 89' lang='lat' dir='ltr'>aequaliter</span> <span class='ocrx_word' id='word_1_106' title='bbox 673 1127 762 1154; x_wconf 92' lang='lat' dir='ltr'>cum</span> <span class='ocrx_word' id='word_1_107' title='bbox 794 1114 966 1165; x_wconf 90' lang='lat' dir='ltr'>pedibus</span> <span class='ocrx_word' id='word_1_108' title='bbox 1006 1114 1172 1153; x_wconf 85' lang='lat' dir='ltr'>sordide</span> <span class='ocrx_word' id='word_1_109' title='bbox 1204 1120 1448 1166; x_wconf 89' lang='lat' dir='ltr'>testaceum,</span> <span class='ocrx_word' id='word_1_110' title='bbox 1486 1119 1715 1159; x_wconf 86' lang='lat' dir='ltr'>ostendunt.</span> <span class='ocrx_word' id='word_1_111' title='bbox 1776 1119 1920 1159; x_wconf 81' lang='lat' dir='ltr'>Pectus</span> 
     </span>
     <span class='ocr_line' id='line_1_14' title="bbox 48 1186 1920 1238; baseline 0.003 -11"><span class='ocrx_word' id='word_1_112' title='bbox 48 1188 211 1237; x_wconf 84' lang='lat' dir='ltr'>subtus,</span> <span class='ocrx_word' id='word_1_113' title='bbox 256 1187 387 1226; x_wconf 88' lang='lat' dir='ltr'>ventri</span> <span class='ocrx_word' id='word_1_114' title='bbox 415 1186 611 1226; x_wconf 90' lang='lat' dir='ltr'>concolor</span> <span class='ocrx_word' id='word_1_115' title='bbox 642 1188 681 1225; x_wconf 90' lang='lat' dir='ltr'>in</span> <span class='ocrx_word' id='word_1_116' title='bbox 712 1191 888 1238; x_wconf 86' lang='lat' dir='ltr'>utroque</span> <span class='ocrx_word' id='word_1_117' title='bbox 922 1199 1045 1235; x_wconf 84' lang='lat' dir='ltr'>sexu,</span> <span class='ocrx_word' id='word_1_118' title='bbox 1077 1187 1180 1238; x_wconf 89' lang='lat' dir='ltr'>apud</span> <span class='ocrx_word' id='word_1_119' title='bbox 1214 1187 1413 1228; x_wconf 82' lang='lat' dir='ltr'>foeminas</span> <span class='ocrx_word' id='word_1_120' title='bbox 1443 1190 1644 1230; x_wconf 88' lang='lat' dir='ltr'>interdum</span> <span class='ocrx_word' id='word_1_121' title='bbox 1675 1193 1811 1231; x_wconf 89' lang='lat' dir='ltr'>virore</span> <span class='ocrx_word' id='word_1_122' title='bbox 1843 1193 1920 1231; x_wconf 91' lang='lat' dir='ltr'>ad—</span> 
     </span>
     <span class='ocr_line' id='line_1_15' title="bbox 47 1258 1919 1312; baseline 0.003 -13"><span class='ocrx_word' id='word_1_123' title='bbox 47 1260 184 1299; x_wconf 75' lang='lat' dir='ltr'>mixto.</span> <span class='ocrx_word' id='word_1_124' title='bbox 244 1258 375 1298; x_wconf 87' lang='lat' dir='ltr'>Pedes</span> <span class='ocrx_word' id='word_1_125' title='bbox 407 1258 526 1297; x_wconf 93' lang='lat' dir='ltr'>modo</span> <span class='ocrx_word' id='word_1_126' title='bbox 558 1259 879 1308; x_wconf 80' lang='lat' dir='ltr'>viridescentes,</span> <span class='ocrx_word' id='word_1_127' title='bbox 912 1258 1033 1298; x_wconf 88' lang='lat' dir='ltr'>modo</span> <span class='ocrx_word' id='word_1_128' title='bbox 1065 1258 1303 1312; x_wconf 85' lang='lat' dir='ltr'>ferrugineo</span> <span class='ocrx_word' id='word_1_129' title='bbox 1336 1264 1505 1301; x_wconf 80' lang='lat' dir='ltr'>testacei</span> <span class='ocrx_word' id='word_1_130' title='bbox 1536 1263 1792 1304; x_wconf 72' lang='lat' dir='ltr'>immaculati.</span> <span class='ocrx_word' id='word_1_131' title='bbox 1839 1266 1919 1305; x_wconf 88' lang='lat' dir='ltr'>Fe—</span> 
     </span>
     <span class='ocr_line' id='line_1_16' title="bbox 48 1330 1919 1384; baseline 0.003 -13"><span class='ocrx_word' id='word_1_132' title='bbox 48 1344 160 1371; x_wconf 90' lang='lat' dir='ltr'>mora</span> <span class='ocrx_word' id='word_1_133' title='bbox 190 1335 342 1370; x_wconf 89' lang='lat' dir='ltr'>tantum</span> <span class='ocrx_word' id='word_1_134' title='bbox 373 1330 531 1370; x_wconf 87' lang='lat' dir='ltr'>inferne</span> <span class='ocrx_word' id='word_1_135' title='bbox 565 1343 685 1382; x_wconf 88' lang='lat' dir='ltr'>supra</span> <span class='ocrx_word' id='word_1_136' title='bbox 717 1331 850 1370; x_wconf 91' lang='lat' dir='ltr'>medio</span> <span class='ocrx_word' id='word_1_137' title='bbox 882 1335 1031 1382; x_wconf 90' lang='lat' dir='ltr'>puncto</span> <span class='ocrx_word' id='word_1_138' title='bbox 1062 1331 1181 1384; x_wconf 85' lang='lat' dir='ltr'>nigro</span> <span class='ocrx_word' id='word_1_139' title='bbox 1205 1332 1392 1372; x_wconf 86' lang='lat' dir='ltr'>distincto</span> <span class='ocrx_word' id='word_1_140' title='bbox 1416 1339 1563 1374; x_wconf 77' lang='lat' dir='ltr'>notata,</span> <span class='ocrx_word' id='word_1_141' title='bbox 1609 1335 1747 1375; x_wconf 91' lang='lat' dir='ltr'>Tibiae</span> <span class='ocrx_word' id='word_1_142' title='bbox 1769 1342 1919 1377; x_wconf 87' lang='lat' dir='ltr'>rectae.</span> 
     </span>
     <span class='ocr_line' id='line_1_17' title="bbox 47 1403 1018 1445; baseline -0.001 -2"><span class='ocrx_word' id='word_1_143' title='bbox 47 1405 163 1445; x_wconf 88' lang='lat' dir='ltr'>Tarsi</span> <span class='ocrx_word' id='word_1_144' title='bbox 193 1403 362 1444; x_wconf 86' lang='lat' dir='ltr'>testacei</span> <span class='ocrx_word' id='word_1_145' title='bbox 394 1407 461 1442; x_wconf 90' lang='lat' dir='ltr'>aut</span> <span class='ocrx_word' id='word_1_146' title='bbox 490 1403 1018 1443; x_wconf 85' lang='lat' dir='ltr'>testaceo-viridescentes.</span> 
     </span>
    </p>

    <p class='ocr_par' dir='ltr' id='par_1_3' title="bbox 47 1474 1920 1816">
     <span class='ocr_line' id='line_1_18' title="bbox 159 1474 1920 1530; baseline 0.003 -14"><span class='ocrx_word' id='word_1_147' title='bbox 159 1476 244 1516; x_wconf 89' lang='lat' dir='ltr'>Mas</span> <span class='ocrx_word' id='word_1_148' title='bbox 276 1475 449 1514; x_wconf 88' lang='lat' dir='ltr'>maxima</span> <span class='ocrx_word' id='word_1_149' title='bbox 481 1487 533 1514; x_wconf 81' lang='lat' dir='ltr'>ex</span> <span class='ocrx_word' id='word_1_150' title='bbox 564 1479 677 1526; x_wconf 86' lang='lat' dir='ltr'>parte</span> <span class='ocrx_word' id='word_1_151' title='bbox 711 1474 846 1514; x_wconf 86' lang='lat' dir='ltr'>differt</span> <span class='ocrx_word' id='word_1_152' title='bbox 876 1488 897 1514; x_wconf 88' lang='lat' dir='ltr'>a</span> <span class='ocrx_word' id='word_1_153' title='bbox 930 1474 1125 1515; x_wconf 89' lang='lat' dir='ltr'>foemina:</span> <span class='ocrx_word' id='word_1_154' title='bbox 1162 1476 1334 1528; x_wconf 89' lang='lat' dir='ltr'>pedibus</span> <span class='ocrx_word' id='word_1_155' title='bbox 1367 1489 1625 1530; x_wconf 85' lang='lat' dir='ltr'>corporeque</span> <span class='ocrx_word' id='word_1_156' title='bbox 1656 1480 1798 1521; x_wconf 85' lang='lat' dir='ltr'>subtus</span> <span class='ocrx_word' id='word_1_157' title='bbox 1830 1494 1920 1521; x_wconf 89' lang='lat' dir='ltr'>ma—</span> 
     </span>
     <span class='ocr_line' id='line_1_19' title="bbox 47 1547 1920 1601; baseline 0.003 -14"><span class='ocrx_word' id='word_1_158' title='bbox 47 1549 112 1601; x_wconf 90' lang='lat' dir='ltr'>gis</span> <span class='ocrx_word' id='word_1_159' title='bbox 143 1547 572 1601; x_wconf 86' lang='lat' dir='ltr'>ferrugineo—rubris,</span> <span class='ocrx_word' id='word_1_160' title='bbox 610 1552 874 1587; x_wconf 84' lang='lat' dir='ltr'>antennarum</span> <span class='ocrx_word' id='word_1_161' title='bbox 905 1548 1087 1587; x_wconf 86' lang='lat' dir='ltr'>articulis</span> <span class='ocrx_word' id='word_1_162' title='bbox 1119 1547 1382 1589; x_wconf 78' lang='lat' dir='ltr'>inferioribus</span> <span class='ocrx_word' id='word_1_163' title='bbox 1414 1550 1694 1601; x_wconf 81' lang='lat' dir='ltr'>dilutioribUS,</span> <span class='ocrx_word' id='word_1_164' title='bbox 1725 1555 1920 1594; x_wconf 80' lang='lat' dir='ltr'>extremis</span> 
     </span>
     <span class='ocr_line' id='line_1_20' title="bbox 48 1618 1920 1677; baseline 0.003 -17"><span class='ocrx_word' id='word_1_165' title='bbox 48 1620 207 1661; x_wconf 90' lang='lat' dir='ltr'>duobus</span> <span class='ocrx_word' id='word_1_166' title='bbox 245 1620 472 1660; x_wconf 87' lang='lat' dir='ltr'>distinctius</span> <span class='ocrx_word' id='word_1_167' title='bbox 504 1620 592 1659; x_wconf 88' lang='lat' dir='ltr'>basi</span> <span class='ocrx_word' id='word_1_168' title='bbox 623 1618 986 1669; x_wconf 90' lang='lat' dir='ltr'>rufo—annulatis,</span> <span class='ocrx_word' id='word_1_169' title='bbox 1027 1622 1266 1672; x_wconf 87' lang='lat' dir='ltr'>praesertim</span> <span class='ocrx_word' id='word_1_170' title='bbox 1299 1626 1431 1661; x_wconf 91' lang='lat' dir='ltr'>autem</span> <span class='ocrx_word' id='word_1_171' title='bbox 1464 1627 1666 1663; x_wconf 84' lang='lat' dir='ltr'>structura</span> <span class='ocrx_word' id='word_1_172' title='bbox 1697 1626 1783 1675; x_wconf 91' lang='lat' dir='ltr'>ani,</span> <span class='ocrx_word' id='word_1_173' title='bbox 1816 1638 1920 1677; x_wconf 87' lang='lat' dir='ltr'>quae</span> 
     </span>
     <span class='ocr_line' id='line_1_21' title="bbox 47 1691 1920 1750; baseline 0.003 -18"><span class='ocrx_word' id='word_1_174' title='bbox 47 1698 140 1746; x_wconf 89' lang='lat' dir='ltr'>post</span> <span class='ocrx_word' id='word_1_175' title='bbox 170 1697 339 1732; x_wconf 88' lang='lat' dir='ltr'>mortem</span> <span class='ocrx_word' id='word_1_176' title='bbox 370 1692 559 1732; x_wconf 87' lang='lat' dir='ltr'>retractis</span> <span class='ocrx_word' id='word_1_177' title='bbox 590 1691 856 1744; x_wconf 82' lang='lat' dir='ltr'>genitalibus,</span> <span class='ocrx_word' id='word_1_178' title='bbox 898 1693 1192 1732; x_wconf 90' lang='lat' dir='ltr'>semiannulum</span> <span class='ocrx_word' id='word_1_179' title='bbox 1234 1693 1312 1732; x_wconf 89' lang='lat' dir='ltr'>late</span> <span class='ocrx_word' id='word_1_180' title='bbox 1343 1693 1611 1746; x_wconf 88' lang='lat' dir='ltr'>marginatum</span> <span class='ocrx_word' id='word_1_181' title='bbox 1642 1698 1823 1750; x_wconf 83' lang='lat' dir='ltr'>margine</span> <span class='ocrx_word' id='word_1_182' title='bbox 1856 1700 1920 1738; x_wconf 91' lang='lat' dir='ltr'>ci-</span> 
     </span>
     <span class='ocr_line' id='line_1_22' title="bbox 47 1763 968 1816; baseline -0.003 -11"><span class='ocrx_word' id='word_1_183' title='bbox 47 1766 204 1814; x_wconf 88' lang='lat' dir='ltr'>liatum,</span> <span class='ocrx_word' id='word_1_184' title='bbox 235 1764 394 1804; x_wconf 88' lang='lat' dir='ltr'>inferne</span> <span class='ocrx_word' id='word_1_185' title='bbox 424 1777 565 1816; x_wconf 91' lang='lat' dir='ltr'>parum</span> <span class='ocrx_word' id='word_1_186' title='bbox 593 1768 796 1812; x_wconf 85' lang='lat' dir='ltr'>retusum,</span> <span class='ocrx_word' id='word_1_187' title='bbox 827 1763 968 1803; x_wconf 86' lang='lat' dir='ltr'>refert.</span> 
     </span>
    </p>

    <p class='ocr_par' dir='ltr' id='par_1_4' title="bbox 46 1836 1920 2177">
     <span class='ocr_line' id='line_1_23' title="bbox 160 1836 1920 1890; baseline 0.004 -14"><span class='ocrx_word' id='word_1_188' title='bbox 160 1837 203 1876; x_wconf 93' lang='lat' dir='ltr'>In</span> <span class='ocrx_word' id='word_1_189' title='bbox 242 1836 418 1876; x_wconf 88' lang='lat' dir='ltr'>foemina</span> <span class='ocrx_word' id='word_1_190' title='bbox 458 1840 648 1887; x_wconf 86' lang='lat' dir='ltr'>quantum</span> <span class='ocrx_word' id='word_1_191' title='bbox 684 1836 825 1875; x_wconf 89' lang='lat' dir='ltr'>videre</span> <span class='ocrx_word' id='word_1_192' title='bbox 857 1837 970 1875; x_wconf 89' lang='lat' dir='ltr'>licuit</span> <span class='ocrx_word' id='word_1_193' title='bbox 1005 1837 1045 1874; x_wconf 92' lang='lat' dir='ltr'>in</span> <span class='ocrx_word' id='word_1_194' title='bbox 1077 1836 1222 1875; x_wconf 90' lang='lat' dir='ltr'>eodem</span> <span class='ocrx_word' id='word_1_195' title='bbox 1254 1842 1457 1890; x_wconf 89' lang='lat' dir='ltr'>tempore,</span> <span class='ocrx_word' id='word_1_196' title='bbox 1496 1839 1623 1890; x_wconf 88' lang='lat' dir='ltr'>pedes</span> <span class='ocrx_word' id='word_1_197' title='bbox 1655 1840 1920 1883; x_wconf 87' lang='lat' dir='ltr'>obscuriores</span> 
     </span>
     <span class='ocr_line' id='line_1_24' title="bbox 47 1908 1919 1963; baseline 0.003 -14"><span class='ocrx_word' id='word_1_198' title='bbox 47 1914 114 1949; x_wconf 84' lang='lat' dir='ltr'>aut</span> <span class='ocrx_word' id='word_1_199' title='bbox 143 1909 273 1962; x_wconf 89' lang='lat' dir='ltr'>magis</span> <span class='ocrx_word' id='word_1_200' title='bbox 306 1908 473 1948; x_wconf 92' lang='lat' dir='ltr'>sordido</span> <span class='ocrx_word' id='word_1_201' title='bbox 506 1908 647 1947; x_wconf 88' lang='lat' dir='ltr'>colore</span> <span class='ocrx_word' id='word_1_202' title='bbox 679 1909 813 1956; x_wconf 85' lang='lat' dir='ltr'>tineti3</span> <span class='ocrx_word' id='word_1_203' title='bbox 846 1913 1108 1949; x_wconf 86' lang='lat' dir='ltr'>antennarum</span> <span class='ocrx_word' id='word_1_204' title='bbox 1140 1910 1300 1949; x_wconf 89' lang='lat' dir='ltr'>articuli</span> <span class='ocrx_word' id='word_1_205' title='bbox 1332 1915 1499 1962; x_wconf 85' lang='lat' dir='ltr'>quartus</span> <span class='ocrx_word' id='word_1_206' title='bbox 1532 1916 1572 1950; x_wconf 91' lang='lat' dir='ltr'>et</span> <span class='ocrx_word' id='word_1_207' title='bbox 1603 1913 1765 1963; x_wconf 88' lang='lat' dir='ltr'>quintus</span> <span class='ocrx_word' id='word_1_208' title='bbox 1788 1915 1919 1954; x_wconf 92' lang='lat' dir='ltr'>minus</span> 
     </span>
     <span class='ocr_line' id='line_1_25' title="bbox 48 1980 1919 2038; baseline 0.003 -17"><span class='ocrx_word' id='word_1_209' title='bbox 48 1981 236 2021; x_wconf 88' lang='lat' dir='ltr'>distincte</span> <span class='ocrx_word' id='word_1_210' title='bbox 268 1981 355 2021; x_wconf 91' lang='lat' dir='ltr'>basi</span> <span class='ocrx_word' id='word_1_211' title='bbox 386 1980 668 2029; x_wconf 87' lang='lat' dir='ltr'>rufescentes,</span> <span class='ocrx_word' id='word_1_212' title='bbox 701 1984 741 2019; x_wconf 91' lang='lat' dir='ltr'>et</span> <span class='ocrx_word' id='word_1_213' title='bbox 771 1980 811 2019; x_wconf 91' lang='lat' dir='ltr'>in</span> <span class='ocrx_word' id='word_1_214' title='bbox 843 1991 918 2019; x_wconf 86' lang='lat' dir='ltr'>ano</span> <span class='ocrx_word' id='word_1_215' title='bbox 952 1982 1259 2032; x_wconf 85' lang='lat' dir='ltr'>conspiciuntur</span> <span class='ocrx_word' id='word_1_216' title='bbox 1279 1983 1463 2022; x_wconf 88' lang='lat' dir='ltr'>valvulae</span> <span class='ocrx_word' id='word_1_217' title='bbox 1486 1983 1720 2024; x_wconf 87' lang='lat' dir='ltr'>imbricatae</span> <span class='ocrx_word' id='word_1_218' title='bbox 1743 1985 1781 2035; x_wconf 88' lang='lat'>6,</span> <span class='ocrx_word' id='word_1_219' title='bbox 1812 1999 1919 2038; x_wconf 85' lang='lat' dir='ltr'>qua-</span> 
     </span>
     <span class='ocr_line' id='line_1_26' title="bbox 46 2052 1916 2111; baseline 0.003 -18"><span class='ocrx_word' id='word_1_220' title='bbox 46 2066 134 2094; x_wconf 91' lang='lat' dir='ltr'>rum</span> <span class='ocrx_word' id='word_1_221' title='bbox 165 2052 192 2093; x_wconf 70' lang='lat'>4</span> <span class='ocrx_word' id='word_1_222' title='bbox 223 2053 297 2092; x_wconf 91' lang='lat' dir='ltr'>sub</span> <span class='ocrx_word' id='word_1_223' title='bbox 329 2053 444 2105; x_wconf 86' lang='lat' dir='ltr'>apice</span> <span class='ocrx_word' id='word_1_224' title='bbox 476 2052 701 2092; x_wconf 86' lang='lat' dir='ltr'>abdominis</span> <span class='ocrx_word' id='word_1_225' title='bbox 734 2052 835 2091; x_wconf 89' lang='lat' dir='ltr'>sitae</span> <span class='ocrx_word' id='word_1_226' title='bbox 876 2052 1174 2103; x_wconf 86' lang='lat' dir='ltr'>horizontales,</span> <span class='ocrx_word' id='word_1_227' title='bbox 1215 2054 1319 2094; x_wconf 89' lang='lat' dir='ltr'>duae</span> <span class='ocrx_word' id='word_1_228' title='bbox 1351 2056 1531 2096; x_wconf 89' lang='lat' dir='ltr'>minores</span> <span class='ocrx_word' id='word_1_229' title='bbox 1563 2056 1782 2098; x_wconf 87' lang='lat' dir='ltr'>inferiores</span> <span class='ocrx_word' id='word_1_230' title='bbox 1814 2071 1916 2111; x_wconf 90' lang='lat' dir='ltr'>per-</span> 
     </span>
     <span class='ocr_line' id='line_1_27' title="bbox 47 2124 1076 2177; baseline -0.001 -12"><span class='ocrx_word' id='word_1_231' title='bbox 47 2125 353 2177; x_wconf 83' lang='lat' dir='ltr'>pendiculares,</span> <span class='ocrx_word' id='word_1_232' title='bbox 386 2125 545 2164; x_wconf 88' lang='lat' dir='ltr'>interno</span> <span class='ocrx_word' id='word_1_233' title='bbox 582 2124 766 2177; x_wconf 84' lang='lat' dir='ltr'>margine</span> <span class='ocrx_word' id='word_1_234' title='bbox 798 2125 1076 2164; x_wconf 89' lang='lat' dir='ltr'>conniventes.</span> 
     </span>
    </p>
   </div>
   <div class='ocr_carea' id='block_1_3' title="bbox 103 2228 1919 2354">
    <p class='ocr_par' dir='ltr' id='par_1_5' title="bbox 103 2228 1919 2354">
     <span class='ocr_line' id='line_1_28' title="bbox 103 2228 1919 2283; baseline 0.003 -13"><span class='ocrx_word' id='word_1_235' title='bbox 103 2245 139 2283; x_wconf 79' lang='grc' dir='ltr'>γ.</span> <span class='ocrx_word' id='word_1_236' title='bbox 186 2229 385 2279; x_wconf 70' lang='lat' dir='ltr'>discolor:</span> <span class='ocrx_word' id='word_1_237' title='bbox 417 2241 538 2281; x_wconf 88' lang='lat' dir='ltr'>supra</span> <span class='ocrx_word' id='word_1_238' title='bbox 557 2228 831 2283; x_wconf 70' lang='lat' dir='ltr'>ferrugineus</span> <span class='ocrx_word' id='word_1_239' title='bbox 863 2229 1005 2270; x_wconf 89' lang='lat' dir='ltr'>subtus</span> <span class='ocrx_word' id='word_1_240' title='bbox 1037 2229 1179 2270; x_wconf 87' lang='lat' dir='ltr'>viridis</span> <span class='ocrx_word' id='word_1_241' title='bbox 1211 2229 1327 2270; x_wconf 86' lang='lat' dir='ltr'>Wolf</span> <span class='ocrx_word' id='word_1_242' title='bbox 1343 2231 1452 2272; x_wconf 85' lang='lat' dir='ltr'>Icon.</span> <span class='ocrx_word' id='word_1_243' title='bbox 1477 2233 1574 2273; x_wconf 90' lang='lat' dir='ltr'>Cim.</span> <span class='ocrx_word' id='word_1_244' title='bbox 1597 2232 1687 2275; x_wconf 75' lang='lat'><strong>178.</strong></span> <span class='ocrx_word' id='word_1_245' title='bbox 1708 2232 1800 2276; x_wconf 80' lang='lat'><strong>177.</strong></span> <span class='ocrx_word' id='word_1_246' title='bbox 1822 2235 1919 2276; x_wconf 88' lang='lat' dir='ltr'>Tab.</span> 
     </span>
     <span class='ocr_line' id='line_1_29' title="bbox 187 2300 830 2354; baseline -0.003 -12"><span class='ocrx_word' id='word_1_247' title='bbox 187 2301 323 2342; x_wconf 88' lang='lat' dir='ltr'><strong>XVIII.</strong></span> <span class='ocrx_word' id='word_1_248' title='bbox 346 2301 413 2354; x_wconf 89' lang='lat' dir='ltr'>fig.</span> <span class='ocrx_word' id='word_1_249' title='bbox 433 2300 526 2343; x_wconf 78' lang='lat'><strong>177.</strong></span> <span class='ocrx_word' id='word_1_250' title='bbox 563 2301 691 2354; x_wconf 90' lang='lat' dir='ltr'>Long.</span> <span class='ocrx_word' id='word_1_251' title='bbox 716 2301 740 2342; x_wconf 84' lang='lat'>5</span> <span class='ocrx_word' id='word_1_252' title='bbox 763 2301 830 2340; x_wconf 90' lang='lat' dir='ltr'>lin.</span> 
     </span>
    </p>
   </div>
   <div class='ocr_carea' id='block_1_4' title="bbox 46 2389 1920 2948">
    <p class='ocr_par' dir='ltr' id='par_1_6' title="bbox 159 2389 1287 2441">
     <span class='ocr_line' id='line_1_30' title="bbox 159 2389 1287 2441; baseline 0 -11"><span class='ocrx_word' id='word_1_253' title='bbox 159 2391 320 2430; x_wconf 88' lang='lat' dir='ltr'>Habitat</span> <span class='ocrx_word' id='word_1_254' title='bbox 351 2402 441 2429; x_wconf 89' lang='lat' dir='ltr'>cum</span> <span class='ocrx_word' id='word_1_255' title='bbox 472 2389 747 2441; x_wconf 88' lang='lat' dir='ltr'>praecedente</span> <span class='ocrx_word' id='word_1_256' title='bbox 778 2401 925 2430; x_wconf 92' lang='lat' dir='ltr'>versus</span> <span class='ocrx_word' id='word_1_257' title='bbox 958 2389 1077 2430; x_wconf 85' lang='lat' dir='ltr'>finem</span> <span class='ocrx_word' id='word_1_258' title='bbox 1109 2392 1287 2431; x_wconf 86' lang='lat' dir='ltr'>aestatis.</span> 
     </span>
    </p>

    <p class='ocr_par' dir='ltr' id='par_1_7' title="bbox 46 2462 1920 2948">
     <span class='ocr_line' id='line_1_31' title="bbox 158 2462 1919 2519; baseline 0.002 -16"><span class='ocrx_word' id='word_1_259' title='bbox 158 2463 232 2503; x_wconf 89' lang='lat' dir='ltr'>Est</span> <span class='ocrx_word' id='word_1_260' title='bbox 262 2462 516 2515; x_wconf 89' lang='lat' dir='ltr'>praecedens</span> <span class='ocrx_word' id='word_1_261' title='bbox 549 2474 653 2513; x_wconf 89' lang='lat' dir='ltr'>quae</span> <span class='ocrx_word' id='word_1_262' title='bbox 679 2463 763 2514; x_wconf 84' lang='lat' dir='ltr'>jam</span> <span class='ocrx_word' id='word_1_263' title='bbox 796 2462 962 2502; x_wconf 90' lang='lat' dir='ltr'>dorsum</span> <span class='ocrx_word' id='word_1_264' title='bbox 994 2462 1275 2516; x_wconf 85' lang='lat' dir='ltr'>ferrugineum</span> <span class='ocrx_word' id='word_1_265' title='bbox 1306 2463 1444 2514; x_wconf 88' lang='lat' dir='ltr'>habet,</span> <span class='ocrx_word' id='word_1_266' title='bbox 1487 2476 1561 2505; x_wconf 88' lang='lat' dir='ltr'>seu</span> <span class='ocrx_word' id='word_1_267' title='bbox 1593 2471 1730 2517; x_wconf 88' lang='lat' dir='ltr'>caput,</span> <span class='ocrx_word' id='word_1_268' title='bbox 1760 2479 1919 2519; x_wconf 91' lang='lat' dir='ltr'>prono—</span> 
     </span>
     <span class='ocr_line' id='line_1_32' title="bbox 49 2533 1918 2587; baseline 0.002 -11"><span class='ocrx_word' id='word_1_269' title='bbox 49 2541 151 2586; x_wconf 86' lang='lat' dir='ltr'>tum,</span> <span class='ocrx_word' id='word_1_270' title='bbox 185 2535 399 2576; x_wconf 89' lang='lat' dir='ltr'>scutellum</span> <span class='ocrx_word' id='word_1_271' title='bbox 432 2538 471 2573; x_wconf 88' lang='lat' dir='ltr'>et</span> <span class='ocrx_word' id='word_1_272' title='bbox 502 2533 631 2586; x_wconf 86' lang='lat' dir='ltr'>elytra</span> <span class='ocrx_word' id='word_1_273' title='bbox 663 2534 839 2574; x_wconf 88' lang='lat' dir='ltr'>obscure</span> <span class='ocrx_word' id='word_1_274' title='bbox 871 2533 1246 2587; x_wconf 89' lang='lat' dir='ltr'>rufo—ferruginea.</span> <span class='ocrx_word' id='word_1_275' title='bbox 1296 2535 1574 2577; x_wconf 89' lang='lat' dir='ltr'>Antennarum</span> <span class='ocrx_word' id='word_1_276' title='bbox 1607 2538 1764 2578; x_wconf 84' lang='lat' dir='ltr'>articuli</span> <span class='ocrx_word' id='word_1_277' title='bbox 1795 2538 1820 2580; x_wconf 89' lang='lat'>3</span> <span class='ocrx_word' id='word_1_278' title='bbox 1850 2541 1918 2579; x_wconf 92' lang='lat' dir='ltr'>in-</span> 
     </span>
     <span class='ocr_line' id='line_1_33' title="bbox 47 2605 1919 2657; baseline 0.002 -9"><span class='ocrx_word' id='word_1_279' title='bbox 47 2608 223 2649; x_wconf 88' lang='lat' dir='ltr'>feriores</span> <span class='ocrx_word' id='word_1_280' title='bbox 261 2606 541 2656; x_wconf 87' lang='lat' dir='ltr'>rufescentes,</span> <span class='ocrx_word' id='word_1_281' title='bbox 580 2605 607 2646; x_wconf 82' lang='grc'>4</span> <span class='ocrx_word' id='word_1_282' title='bbox 634 2607 748 2657; x_wconf 88' lang='lat' dir='ltr'>apice</span> <span class='ocrx_word' id='word_1_283' title='bbox 780 2607 804 2647; x_wconf 83' lang='lat'>5</span> <span class='ocrx_word' id='word_1_284' title='bbox 837 2620 890 2646; x_wconf 86' lang='lat' dir='ltr'>ex</span> <span class='ocrx_word' id='word_1_285' title='bbox 927 2612 1010 2646; x_wconf 87' lang='lat' dir='ltr'>toto</span> <span class='ocrx_word' id='word_1_286' title='bbox 1049 2607 1202 2648; x_wconf 86' lang='lat' dir='ltr'>fuscus.</span> <span class='ocrx_word' id='word_1_287' title='bbox 1263 2608 1481 2647; x_wconf 90' lang='lat' dir='ltr'>Pronotum</span> <span class='ocrx_word' id='word_1_288' title='bbox 1521 2609 1571 2647; x_wconf 89' lang='lat' dir='ltr'>ad</span> <span class='ocrx_word' id='word_1_289' title='bbox 1608 2609 1733 2650; x_wconf 86' lang='lat' dir='ltr'>latera</span> <span class='ocrx_word' id='word_1_290' title='bbox 1772 2610 1919 2652; x_wconf 87' lang='lat' dir='ltr'>fusco-</span> 
     </span>
     <span class='ocr_line' id='line_1_34' title="bbox 46 2679 1918 2733; baseline 0.001 -12"><span class='ocrx_word' id='word_1_291' title='bbox 46 2679 565 2733; x_wconf 86' lang='lat' dir='ltr'>purpureo-marginatum</span> <span class='ocrx_word' id='word_1_292' title='bbox 611 2690 741 2729; x_wconf 88' lang='lat' dir='ltr'>aeque</span> <span class='ocrx_word' id='word_1_293' title='bbox 786 2691 833 2718; x_wconf 87' lang='lat' dir='ltr'>ae</span> <span class='ocrx_word' id='word_1_294' title='bbox 877 2679 1098 2729; x_wconf 82' lang='lat' dir='ltr'>abdomen,</span> <span class='ocrx_word' id='word_1_295' title='bbox 1144 2692 1248 2731; x_wconf 88' lang='lat' dir='ltr'>quae</span> <span class='ocrx_word' id='word_1_296' title='bbox 1287 2680 1417 2719; x_wconf 90' lang='lat' dir='ltr'>adhuc</span> <span class='ocrx_word' id='word_1_297' title='bbox 1457 2680 1598 2720; x_wconf 86' lang='lat' dir='ltr'>subtus</span> <span class='ocrx_word' id='word_1_298' title='bbox 1638 2681 1783 2722; x_wconf 78' lang='lat' dir='ltr'>viridia</span> <span class='ocrx_word' id='word_1_299' title='bbox 1814 2689 1918 2724; x_wconf 92' lang='lat' dir='ltr'>sunt.</span> 
     </span>
     <span class='ocr_line' id='line_1_35' title="bbox 47 2749 1920 2806; baseline 0.002 -14"><span class='ocrx_word' id='word_1_300' title='bbox 47 2753 178 2793; x_wconf 89' lang='lat' dir='ltr'>Pedes</span> <span class='ocrx_word' id='word_1_301' title='bbox 208 2752 376 2792; x_wconf 88' lang='lat' dir='ltr'>virides.</span> <span class='ocrx_word' id='word_1_302' title='bbox 436 2750 551 2790; x_wconf 90' lang='lat' dir='ltr'>Tarsi</span> <span class='ocrx_word' id='word_1_303' title='bbox 580 2749 852 2791; x_wconf 86' lang='lat' dir='ltr'>rufescentes.</span> <span class='ocrx_word' id='word_1_304' title='bbox 912 2752 1145 2791; x_wconf 89' lang='lat' dir='ltr'>Membrana</span> <span class='ocrx_word' id='word_1_305' title='bbox 1183 2751 1516 2804; x_wconf 84' lang='lat' dir='ltr'>homielytrorum</span> <span class='ocrx_word' id='word_1_306' title='bbox 1556 2752 1691 2802; x_wconf 87' lang='lat' dir='ltr'>fusca,</span> <span class='ocrx_word' id='word_1_307' title='bbox 1729 2760 1920 2806; x_wconf 89' lang='lat' dir='ltr'>punctum</span> 
     </span>
     <span class='ocr_line' id='line_1_36' title="bbox 49 2821 1917 2880; baseline 0.002 -15"><span class='ocrx_word' id='word_1_308' title='bbox 49 2827 208 2879; x_wconf 88' lang='lat' dir='ltr'>nigrum</span> <span class='ocrx_word' id='word_1_309' title='bbox 254 2825 294 2863; x_wconf 93' lang='lat' dir='ltr'>in</span> <span class='ocrx_word' id='word_1_310' title='bbox 339 2823 517 2873; x_wconf 86' lang='lat' dir='ltr'>femore,</span> <span class='ocrx_word' id='word_1_311' title='bbox 563 2823 666 2862; x_wconf 85' lang='lat' dir='ltr'>ostia</span> <span class='ocrx_word' id='word_1_312' title='bbox 706 2821 1001 2874; x_wconf 76' lang='lat' dir='ltr'>spiraculorum</span> <span class='ocrx_word' id='word_1_313' title='bbox 1041 2825 1353 2864; x_wconf 88' lang='lat' dir='ltr'>abdominalium</span> <span class='ocrx_word' id='word_1_314' title='bbox 1393 2829 1432 2864; x_wconf 92' lang='lat' dir='ltr'>et</span> <span class='ocrx_word' id='word_1_315' title='bbox 1476 2826 1742 2876; x_wconf 87' lang='lat' dir='ltr'>pectoralium</span> <span class='ocrx_word' id='word_1_316' title='bbox 1788 2829 1917 2880; x_wconf 87' lang='lat' dir='ltr'>nigra.</span> 
     </span>
     <span class='ocr_line' id='line_1_37' title="bbox 49 2896 722 2948; baseline -0.006 -11"><span class='ocrx_word' id='word_1_317' title='bbox 49 2898 208 2938; x_wconf 90' lang='lat' dir='ltr'>Transit</span> <span class='ocrx_word' id='word_1_318' title='bbox 238 2896 357 2936; x_wconf 87' lang='lat' dir='ltr'>facile</span> <span class='ocrx_word' id='word_1_319' title='bbox 389 2897 428 2934; x_wconf 90' lang='lat' dir='ltr'>in</span> <span class='ocrx_word' id='word_1_320' title='bbox 461 2900 722 2948; x_wconf 89' lang='lat' dir='ltr'>sequentem:</span> 
     </span>
    </p>
   </div>
   <div class='ocr_carea' id='block_1_5' title="bbox 107 2982 1918 3110">
    <p class='ocr_par' dir='ltr' id='par_1_8' title="bbox 107 2982 1918 3110">
     <span class='ocr_line' id='line_1_38' title="bbox 107 2982 1918 3039; baseline 0.002 -16"><span class='ocrx_word' id='word_1_321' title='bbox 107 2982 144 3025; x_wconf 78' lang='grc' dir='ltr'>ὁ.</span> <span class='ocrx_word' id='word_1_322' title='bbox 189 2982 527 3024; x_wconf 70' lang='lat' dir='ltr'>subrubescens*</span> <span class='ocrx_word' id='word_1_323' title='bbox 559 2996 680 3036; x_wconf 89' lang='lat' dir='ltr'>supra</span> <span class='ocrx_word' id='word_1_324' title='bbox 713 2983 1129 3038; x_wconf 86' lang='lat' dir='ltr'>ferrugineo—rubra,</span> <span class='ocrx_word' id='word_1_325' title='bbox 1162 2984 1303 3023; x_wconf 90' lang='lat' dir='ltr'>subtus</span> <span class='ocrx_word' id='word_1_326' title='bbox 1335 2995 1425 3023; x_wconf 83' lang='lat' dir='ltr'>cum</span> <span class='ocrx_word' id='word_1_327' title='bbox 1456 2985 1628 3035; x_wconf 88' lang='lat' dir='ltr'>pedibus</span> <span class='ocrx_word' id='word_1_328' title='bbox 1652 2986 1918 3039; x_wconf 87' lang='lat' dir='ltr'>ferrugineo-</span> 
     </span>
     <span class='ocr_line' id='line_1_39' title="bbox 189 3056 1310 3110; baseline -0.001 -15"><span class='ocrx_word' id='word_1_329' title='bbox 189 3060 389 3105; x_wconf 88' lang='lat' dir='ltr'>testacea;</span> <span class='ocrx_word' id='word_1_330' title='bbox 420 3057 581 3108; x_wconf 88' lang='lat' dir='ltr'>pronoti</span> <span class='ocrx_word' id='word_1_331' title='bbox 613 3058 794 3110; x_wconf 89' lang='lat' dir='ltr'>margine</span> <span class='ocrx_word' id='word_1_332' title='bbox 825 3057 981 3097; x_wconf 86' lang='lat' dir='ltr'>laterali</span> <span class='ocrx_word' id='word_1_333' title='bbox 1013 3056 1310 3097; x_wconf 89' lang='lat' dir='ltr'>subdiscolore.</span> 
     </span>
    </p>
   </div>
   <div class='ocr_carea' id='block_1_6' title="bbox 140 3143 1620 3185">
    <p class='ocr_par' dir='ltr' id='par_1_9' title="bbox 140 3143 1620 3185">
     <span class='ocr_line' id='line_1_40' title="bbox 140 3143 1620 3185; baseline 0.002 -11"><span class='ocrx_word' id='word_1_334' title='bbox 140 3143 337 3175; x_wconf 72' lang='lat' dir='ltr'>Pencaeoma</span> <span class='ocrx_word' id='word_1_335' title='bbox 360 3145 584 3185; x_wconf 80' lang='lat' dir='ltr'>frutetorum,</span> <span class='ocrx_word' id='word_1_336' title='bbox 612 3145 648 3178; x_wconf 88' lang='lat' dir='ltr'>P.</span> <span class='ocrx_word' id='word_1_337' title='bbox 674 3144 918 3178; x_wconf 74' lang='lat' dir='ltr'>subrubescens</span> <span class='ocrx_word' id='word_1_338' title='bbox 944 3151 977 3177; x_wconf 81' lang='lat' dir='ltr'>et</span> <span class='ocrx_word' id='word_1_339' title='bbox 1001 3145 1037 3178; x_wconf 89' lang='lat' dir='ltr'>P.</span> <span class='ocrx_word' id='word_1_340' title='bbox 1063 3144 1280 3177; x_wconf 79' lang='lat' dir='ltr'>arbustorum</span> <span class='ocrx_word' id='word_1_341' title='bbox 1307 3145 1338 3176; x_wconf 92' lang='lat' dir='ltr'>in</span> <span class='ocrx_word' id='word_1_342' title='bbox 1365 3143 1448 3177; x_wconf 83' lang='lat' dir='ltr'>Mus.</span> <span class='ocrx_word' id='word_1_343' title='bbox 1475 3145 1620 3178; x_wconf 79' lang='lat' dir='ltr'>berol.!!</span> 
     </span>
    </p>
   </div>
  </div>
 </body>
</html>
