2259 3506
838 649 1204 713 MONITUM
1241 647 1652 712 AUCTORJS.

428 830 544 878 Quod
587 829 819 883 singillatim
860 828 1041 868 libellum
1084 828 1189 868 hunc
1229 828 1403 879 adtinet,
1455 829 1640 868 omnihus
1680 828 1800 868 velim
1838 840 2076 881 persuasum
2118 830 2181 879 sil⁷

320 910 414 950 mihi
436 909 584 949 exinde
616 921 871 961 nequaquam
904 907 1081 960 praemia
1113 907 1178 946 vel
1210 907 1421 947 commoda
1453 907 1529 946 alia
1562 908 1768 959 proposita
1802 907 1944 958 fuisse,
1975 909 2052 948 nisi
2077 908 2181 948 forte

319 1002 380 1039 ea,
413 1001 517 1042 quae
550 1001 601 1028 ex
632 1000 678 1027 re
710 989 818 1040 ipsa,
869 988 903 1027 si
948 986 1010 1025 vel
1043 986 1202 1025 minima
1234 986 1352 1025 laude
1386 986 1505 1038 (ligna
1539 987 1609 1031 sil,
1657 986 1842 1027 defluant.
1923 987 2181 1040 Singulorum

318 1068 606 1109 fasciculorum
639 1068 837 1119 praetium
877 1069 1069 1118 (quorum
1102 1066 1212 1117 prior
1245 1065 1314 1104 ille
1347 1066 1559 1104 maximam
1591 1068 1741 1116 partem
1774 1078 1850 1105 nec
1881 1078 1961 1105 non
1992 1078 2085 1106 mox
2116 1068 2181 1106 in-

318 1148 572 1199 sequentium
605 1146 779 1186 Tabulae
819 1144 1017 1184 benevola
1057 1144 1298 1183 liberalitate
1335 1143 1602 1184 Illustrissimi
1635 1144 1799 1184 Comitis
1831 1159 1855 1183 a
1878 1144 2181 1201 Tyzenlmu:

317 1227 451 1268 lucem
492 1227 768 1278 aspexerunt)
813 1223 917 1275 apud
957 1222 1221 1274 Bibliopolam
1255 1222 1561 1262 Berolinensem
1609 1223 1656 1263 D.
1686 1222 1895 1263 Nicolai
1928 1223 2180 1273 (Brilder-

321 1306 556 1355 Strasse)
596 1316 740 1343 venum
788 1301 1133 1353 subjiciendorum
1186 1314 1304 1353 quam
1346 1302 1550 1341 minimum
1590 1314 1611 1341 a
1658 1314 1720 1340 me
1763 1306 1980 1353 statuetur,
2031 1315 2181 1355 resque

319 1385 492 1425 ulterius
523 1383 591 1423 tali
623 1382 742 1422 modo
774 1381 990 1433 procedet,
1033 1385 1072 1420 ut
1103 1393 1171 1430 ea,
1213 1393 1318 1432 quae
1357 1394 1408 1420 ex
1439 1385 1715 1420 trecentorum
1754 1380 2043 1432 exemplarium
2075 1382 2181 1421 illius

319 1463 551 1503 venditione
584 1462 881 1510 resarcientur,
929 1472 1022 1500 mox
1053 1460 1362 1511 impressionem
1396 1460 1650 1512 insequentis
1683 1459 1889 1509 fasciculi,
1928 1459 2182 1500 Berolinensi

319 1542 460 1595 praelo
490 1540 695 1589 tradendi,
737 1544 1020 1592 promoveant:
1068 1551 1201 1590 neque
1241 1539 1347 1578 enim
1385 1538 1528 1577 minam
1564 1537 1831 1589 lucrifacere,
1877 1551 1953 1579 nec
1993 1539 2181 1579 talentum

319 1620 495 1674 perdere
527 1632 641 1659 mens
672 1619 767 1658 mihi
798 1623 872 1658 est.

432 1699 484 1738 At
514 1703 552 1738 at
583 1711 701 1750 quam
732 1698 955 1748 impensam
988 1695 1190 1745 Rei-oliui,
1223 1700 1384 1747 sumptu
1416 1708 1491 1736 suo
1524 1697 1805 1749 sesqui-anni
1837 1698 1966 1749 spatio
1998 1707 2182 1736 commo-

321 1782 455 1828 ratus,
486 1777 588 1827 feci,
627 1780 671 1815 ut
700 1777 824 1815 satius
856 1776 1026 1815 aliorum
1056 1775 1222 1823 Famae,
1262 1786 1379 1824 quam
1413 1775 1492 1814 mei
1522 1776 1650 1826 ipsius
1681 1776 1942 1825 inservirem,
1981 1787 2181 1826 nunquam

323 1857 417 1897 mihi
447 1856 686 1895 retributum
719 1855 791 1904 iri,
834 1865 908 1906 pro
940 1858 1052 1893 certo
1095 1852 1308 1902 haberem,
1355 1853 1432 1892 nisi
1464 1865 1557 1905 spes
1591 1854 1787 1905 quaedam
1820 1854 1949 1893 adhuc
1982 1866 2043 1892 me
2076 1853 2183 1892 deti«

323 1939 458 1985 neret,
490 1939 531 1974 ut
562 1934 652 1973 vilis
684 1945 807 1985 opera
839 1932 940 1972 haec
973 1932 1159 1972 Summae
1190 1930 1351 1982 Imperii
1383 1931 1422 1969 in
1445 1930 1544 1971 Rem
1567 1932 1802 1972 Litcrariam
1826 1931 2184 1980 Administrationi,

324 2014 495 2066 inceptis
535 2011 735 2065 ejusmodi
774 2010 1093 2057 faventissimae,
1145 2009 1275 2048 (licata
1317 2012 1437 2061 atque
1477 2010 1752 2051 commendata
1794 2010 1963 2064 gratiam
2001 2011 2180 2062 ejusdem

325 2091 732 2143 benevolentiamque
765 2090 841 2131 sibi
873 2088 1090 2142 aliquando
1123 2087 1344 2127 conciliare
1375 2088 1518 2129 valeat.
