2259 3506
833 171 1204 222 -19—

84 304 181 351 tica:
228 305 448 353 rariorum,
499 316 638 356 parum
687 306 862 345 mutilata
901 306 1057 346 seilicet
1095 318 1171 345 una
1211 310 1381 345 antenna
1420 311 1461 345 et
1498 318 1578 345 uno
1617 307 1719 357 pede
1762 311 1951 356 carentia,

84 375 179 413 satis
212 375 476 425 conveniunt,
509 376 580 415 sed
613 389 734 429 quum
767 378 908 417 ambae
940 382 1075 429 partes
1107 377 1304 431 analogae
1336 377 1549 427 deficiunt,
1583 390 1704 428 quum
1734 382 1950 418 autmem-

82 446 203 485 brana
236 446 570 499 hemielytrorum
603 449 842 499 dilacerata,
881 454 948 489 aut
977 450 1047 501 pili
1090 450 1462 503 integumentorum
1493 449 1692 499 abstersi,
1730 454 1772 488 ut
1810 449 1949 489 salsam

81 517 456 559 determinationem
489 521 687 571 evitares,
719 521 842 560 multo
875 521 1020 560 melius
1053 520 1162 560 foras
1194 522 1359 573 ejicere.

191 594 229 637 §.
254 588 320 632 28.
368 591 670 632 Attendendum
719 597 759 633 et
795 594 835 631 in
874 592 1071 632 selectum
1103 592 1349 632 acicularum
1390 605 1463 644 pro
1503 594 1626 633 variis
1657 593 1950 645 Heteropteris.

18 659 20 661 ’
81 661 456 713 Hydrocorisis
495 664 702 713 omnibus,
750 664 855 703 inter
903 662 1223 703 Geocorisos
1270 662 1594 705 Membranaceis
1636 670 1676 705 et
1719 662 1951 704 Ploterihus

80 733 226 773 melius
271 735 452 775 aciculae
497 735 658 776 ferreae
704 735 877 788 capitulo
914 747 937 774 e
976 747 1071 774 cera
1115 734 1290 788 sigillata
1335 736 1529 785 munitae,
1577 749 1695 788 quam
1733 736 1950 785 normales,

79 806 344 855 conveniunt3
382 807 457 847 hac
487 808 593 847 enim
626 811 793 859 propter
825 806 1073 860 singularem
1106 806 1318 846 humorem
1351 807 1579 847 aciditatem
1612 810 1651 848 in
1682 809 1744 848 his
1774 808 1947 848 Helero-

72 879 204 931 pteris
235 883 274 918 et
304 883 396 930 post
426 883 598 918 mortem
620 879 785 932 vigente
807 890 888 918 non
909 883 1059 918 tantum
1083 878 1122 918 in
1144 877 1298 918 floccos
1320 880 1591 932 aeruginosos
1614 881 1761 920 abeunt
1782 883 1840 932 (§.
1862 878 1950 930 23),

78 950 150 989 sed
182 962 379 990 successu
410 951 608 1003 temporis
642 956 684 991 ut
715 952 755 991 in
787 951 993 991 Carabicis
1025 951 1065 990 in
1097 962 1270 1003 corpore
1293 950 1458 1001 insecti,
1489 952 1651 991 omnino
1675 953 1948 992 destruuntur.

186 1026 224 1069 ὃ.
246 1020 313 1063 29.
359 1021 447 1062 Jam
480 1027 612 1062 autem
645 1024 679 1063 si
701 1023 1065 1075 Heteropterorum
1098 1022 1338 1062 relationem
1370 1023 1420 1062 ad
1453 1023 1644 1063 mundum
1676 1028 1887 1063 externum
1911 1028 1950 1063 et

76 1094 209 1133 locum
243 1105 364 1145 quem
394 1095 435 1134 in
467 1095 576 1134 serie
607 1096 697 1148 ejus
729 1100 1005 1136 creaturarum
1039 1094 1239 1143 obtinent,
1279 1095 1544 1135 considerare
1580 1096 1731 1145 velles,
1763 1096 1829 1135 illa
1861 1096 1947 1135 lex:

76 1165 266 1221 regiones
299 1167 480 1221 tropicas
509 1167 712 1206 maximas
741 1168 1156 1222 speciosissimusque
1173 1165 1342 1219 formas
1363 1166 1602 1221 producere
1638 1172 1678 1208 et
1714 1168 1777 1207 his
1815 1167 1947 1219 appli-

76 1250 170 1278 care
206 1242 351 1291 potest.
410 1238 559 1279 Natura
599 1239 802 1279 elimatum
843 1238 1082 1278 calidiorum
1122 1239 1370 1291 generatim,
1409 1252 1489 1291 quo
1529 1240 1579 1280 ad
1617 1239 1948 1294 magnitudinem,

76 1310 419 1362 splendoremque
460 1311 645 1364 eJusdem
687 1311 841 1364 speciei
879 1315 997 1364 typos
1035 1310 1301 1350 inexhaustos
1339 1312 1594 1363 producens,
1633 1313 1672 1352 in
1715 1311 1948 1359 moderatis,

75 1381 123 1421 ad
155 1382 306 1422 formas
337 1384 645 1423 numerosiores
678 1383 751 1423 sed
784 1384 915 1422 minus
947 1382 1130 1422 excultas
1163 1384 1435 1437 restringitur.

184 1454 393 1505 Attamen,
437 1456 520 1507 jam
563 1456 830 1508 Heteroptera
876 1455 1049 1495 Russiae
1101 1455 1377 1495 meridionalis
1431 1456 1670 1508 praesertim
1725 1466 1945 1508 generum:

72 1525 397 1582 Trigoriosoma,
428 1526 696 1576 Penlaloma,
731 1526 925 1576 Corizzls,
958 1527 1182 1583 Lygcteus,
1213 1526 1450 1583 Harpaclor
1479 1532 1577 1577 etc.,
1609 1538 1690 1579 quo
1722 1527 1770 1567 ad
1803 1526 1945 1579 splen-

73 1598 213 1638 dorem
246 1611 335 1640 cum
368 1598 559 1640 africanis
591 1605 630 1640 et
660 1600 860 1650 asiaticis,
892 1603 1051 1639 certare
1082 1604 1264 1651 possunt.

1619 3190 1671 3227 34*-
