2259 3506
977 170 1047 175 -·-
1129 158 1262 190 xxm
1340 170 1410 174 --

278 283 368 323 luce
400 283 547 323 clarius
578 280 732 322 evadat.
791 281 1004 319 Praeterea
1034 276 1326 316 refertissimae
1357 275 1632 315 Bibliothecae
1672 276 1811 329 regiae
1844 287 1920 327 ope
1951 275 2121 314 maxime

278 356 437 409 adjutus
469 368 577 404 sum,
608 360 649 394 ut
679 355 922 393 insectorum
946 350 1129 388 Familias
1153 348 1344 400 quasdam
1379 349 1561 400 ampliori
1594 349 1734 388 critice
1765 360 1812 387 ac
1837 347 1990 400 judicio
2023 358 2120 398 pro-—

278 440 495 481 sequerer,
539 433 580 467 ut
624 426 783 478 quidem
834 423 1120 476 Helm-optem.
1161 420 1429 475 Diploplera,
1483 419 1724 475 Apiarides,
1774 418 2121 466 Tenthredz'nmes,

280 500 524 557 Syr-rphieos.
565 512 639 539 nec
679 509 756 536 non
795 496 893 536 alias
932 494 1170 544 nonnullas,
1209 494 1356 546 quibus
1398 493 1462 533 vel
1503 494 1590 545 ipse
1631 493 1904 546 agnoscendis
1943 506 1965 532 e
1996 491 2121 531 Per-

280 572 442 611 ilze‘esi
469 573 647 623 scriptis,
676 569 739 608 vel
772 569 991 607 amicorum
1022 566 1324 616 benevolentia,
1355 566 1446 606 luce
1475 578 1549 618 per
1578 566 1732 605 litteras
1764 565 1812 605 ad
1844 578 1907 604 me
1940 566 2123 617 scriptas,

280 647 318 685 in
350 646 460 685 hisce
484 643 686 684 Analectis
716 640 948 693 propediem
981 639 1265 692 publicandaS,
1298 638 1451 687 offusa,
1483 638 1753 691 assequendis
1785 637 2124 688 declarandisque

281 731 440 771 operam
472 716 574 755 dedi.
625 715 736 762 Quae
767 718 858 753 octo
888 713 1047 752 tabulae
1077 712 1206 763 pictae
1228 711 1371 750 iisdem
1394 711 1638 751 adornandis
1661 714 1946 759 accesserunt,
1979 710 2124 761 quibus

281 793 365 831 sive
395 789 510 840 plane
540 787 670 828 adhuc
700 788 861 840 ignotae
891 786 955 825 vel
988 786 1153 825 criticae
1191 789 1230 823 et
1266 796 1404 835 parum
1443 788 1630 824 accurate
1662 783 1848 823 definitae
1878 784 2125 822 insectorum

282 863 440 914 species
471 861 509 900 in
540 861 773 901 Lithuaniae
806 859 893 899 solo
933 858 1130 911 degentes
1170 856 1432 907 exhibentur,
1472 856 1639 896 eaedem
1678 869 1856 896 summae
1895 855 2126 908 diligentiae

283 952 329 979 ac
366 935 558 989 egregiae
598 934 694 973 artis
732 931 1028 985 chalcograplio
1068 934 1107 969 et
1145 929 1480 983 coleopterologo
1511 929 1787 980 Berolinensi,
1825 930 1871 969 D.
1906 928 2125 983 lifigen-

282 1007 531 1051 semeher.
572 1019 593 1046 a
624 1018 686 1044 me
717 1010 854 1058 gratae
884 1002 1129 1043 referuntur.
1189 1002 1386 1054 Reliquae
1423 1001 1606 1053 tabulae,
1646 1003 1824 1055 quinque
1855 1012 2047 1049 numero,
2080 999 2127 1038 ad

284 1084 434 1124 calcem
473 1078 768 1131 insequentium
809 1076 1094 1116 fasciculorum
1136 1080 1407 1127 apponentur,
1447 1075 1590 1115 huicce
1628 1079 1711 1115 tres
1750 1079 1898 1115 tantum
1936 1072 2130 1112 accedant

282 1160 452 1211 oportet.

394 1228 484 1276 Est,
515 1222 623 1277 quod
653 1222 717 1260 hic
747 1219 825 1259 loci
856 1219 973 1258 etiam
1004 1219 1186 1271 publicas
1217 1220 1366 1273 gratias
1403 1231 1517 1272 again
1550 1223 1796 1271 acceptaque
1825 1217 2000 1257 referam
2031 1218 2129 1257 viris

287 1299 528 1345 doctissimis
559 1293 850 1343 acerrimisque
882 1291 1103 1331 studiorum
1127 1293 1233 1332 circa
1256 1292 1578 1345 Entomologiam
1601 1291 1779 1331 Berolini
1811 1291 2129 1343 promotoribus:

287 1378 368 1417 DD.
394 1370 559 1413 thllze
589 1372 628 1408 et
648 1363 869 1411 Bouelte',
900 1368 981 1403 tum
1014 1364 1280 1404 familiaritate
1312 1369 1351 1404 et
1381 1366 1551 1405 amicitia
1584 1364 1677 1403 mihi
1710 1364 1929 1415 conspicuo
1951 1366 1987 1404 J.
2010 1362 2058 1403 P.
2082 1362 2128 1403 E.

289 1444 550 1489 Friderico
581 1440 739 1486 stein,
782 1448 952 1489 quorum
986 1450 1147 1477 musaea
1178 1438 1329 1489 privata
1369 1437 1475 1476 omni
1506 1441 1687 1489 tempore
1720 1437 1814 1476 mihi
1846 1435 1953 1476 aditu
1983 1440 2130 1487 patue—

287 1525 390 1562 runt.
448 1515 601 1556 Eodem
632 1512 792 1551 nomine
825 1509 1070 1549 memorandi
1102 1510 1195 1549 mihi
1228 1515 1319 1550 sunt
1349 1510 1606 1550 celeberrimi
1636 1509 1924 1560 Professores,
1953 1509 2131 1548 Neosta-

290 1591 440 1635 diensis
463 1582 985 1639 (Neustadt-Eberswaldc)
1016 1580 1422 1638 D1·.Rc1tzel›urg,
1454 1587 1574 1634 atque
1605 1582 1791 1622 Halensis
1824 1582 1890 1623 Dr.
1917 1583 2128 1620 Germar.

290 1667 363 1707 Hic
394 1662 488 1703 mihi
519 1660 875 1709 Heteropterorum
909 1655 1157 1695 collectanea
1187 1668 1207 1695 a
1241 1668 1285 1695 se
1316 1655 1419 1695 facta
1450 1655 1681 1695 Berolinum
1722 1654 1995 1707 inspiciendas
2027 1655 2131 1694 ultro

293 1740 477 1784 miserat,
515 1733 561 1772 al)
594 1731 662 1770 illo
693 1734 822 1768 autem
854 1728 973 1767 multa
1005 1727 1098 1767 mihi
1138 1740 1189 1767 ex
1220 1728 1531 1768 Ichneumonum
1564 1727 1725 1767 Familia
1755 1727 1879 1767 ardua
1909 1731 2028 1779 atque
2059 1739 2131 1766 re-

294 1809 452 1852 condita
481 1818 553 1858 pro
586 1802 782 1855 singulari
813 1812 886 1840 suo
918 1800 956 1839 in
987 1813 1050 1839 me
1082 1800 1214 1840 studio
1245 1804 1365 1852 atque
1396 1800 1677 1840 benevolentia
1706 1799 1821 1852 plana
1843 1799 2133 1851 manifestaque

294 1884 396 1924 facta
428 1883 528 1919 sunt.
587 1876 726 1927 Neque
759 1874 852 1912 mihi
882 1873 1047 1912 lionoris
1078 1885 1124 1912 ac
1156 1873 1358 1926 dignitatis
1389 1874 1517 1926 gratia
1556 1872 1716 1912 silentio
1746 1872 2040 1924 praetereunda
2072 1877 2134 1912 est

294 1952 507 1996 clarissimi
542 1949 616 1988 viri
661 1959 706 1987 ac
747 1947 905 1999 egregii
947 1946 1237 1985 Orcliidearum
1269 1945 1576 1997 Europaeorum
1606 1945 1890 1998 Monographi,
1936 1945 2005 1984 Dr.
2029 1944 2131 1985 Gu-

295 2026 428 2069 stam·
456 2018 818 2068 Jteichenbacli,
849 2019 888 2056 in
920 2031 981 2057 me
1003 2018 1187 2058 voluntas
1218 2031 1264 2058 ac
1296 2019 1458 2068 merita,
1490 2030 1592 2070 quae
1619 2019 1700 2070 jam
1732 2018 1885 2071 aliquot
1905 2018 2019 2058 annis
2041 2023 2132 2058 ante

296 2104 407 2155 grata
435 2095 680 2148 probataque
711 2092 804 2131 mihi
835 2091 963 2131 suere.
1023 2090 1093 2130 His
1124 2091 1241 2131 etiam
1273 2090 1418 2130 factum
1450 2095 1533 2141 est,
1564 2095 1606 2130 ut
1634 2091 1761 2141 idem,
1793 2103 1897 2143 quae
1927 2091 1967 2130 in
1997 2091 2132 2132 Saxo-

296 2174 384 2213 niae
416 2169 498 2209 oris
528 2166 720 2205 habentur
749 2165 1104 2216 Heteropterorum
1137 2164 1315 2215 species,
1347 2176 1498 2203 summa
1527 2163 1730 2203 voluntate
1761 2175 1918 2203 mecum
1949 2175 2133 2204 commu-

298 2242 502 2285 nicaverit.
561 2237 672 2277 Haud
713 2249 851 2288 parum
893 2237 1045 2289 gratiae
1083 2247 1246 2288 quoque
1285 2249 1306 2276 a
1345 2249 1407 2275 me
1446 2235 1617 2276 debetur
1654 2236 1807 2276 Musaei
1846 2237 2132 2290 entomologici

298 2311 572 2357 Berolinensis
604 2308 864 2359 moderatori,
903 2308 1128 2349 clarissimo
1160 2309 1228 2348 Dr.
1259 2308 1419 2365 Jslug,
1450 2309 1630 2361 inprimis
1670 2309 1709 2348 in
1741 2308 1994 2349 declarandis
2025 2309 2131 2349 Ten-

304 2386 524 2429 thredinmn
556 2386 595 2421 et
626 2380 882 2435 Apiariormn
919 2382 1160 2434 generibus,
1198 2393 1368 2434 quorum
1407 2381 1613 2422 Musaeum
1646 2381 1911 2422 Berolinense
1951 2394 2130 2434 magnam

294 2461 447 2514 copiam
477 2454 658 2498 exhibet.
2067 2450 2069 2452 ’

409 2532 504 2571 Cum
538 2530 618 2581 jam
658 2527 773 2566 finem
811 2526 926 2578 hujus
964 2528 1023 2567 rei
1062 2527 1282 2581 adtingam,
1323 2528 1442 2567 enixe
1481 2526 1719 2579 impetrandi
1758 2529 1849 2565 sunt
1887 2526 1981 2566 mihi
2012 2531 2132 2580 atque

302 2601 700 2658 flagitandi-Imperii
739 2599 898 2638 Rossici
934 2599 1209 2653 Entomologi,
1255 2612 1334 2652 quo
1376 2601 1644 2648 insectorum,
1689 2600 1806 2650 quae'
1835 2598 1937 2638 lecta
1975 2599 2133 2649 habent,

303 2678 477 2716 notitiam
518 2674 583 2713 vel
629 2673 744 2712 etiam
783 2672 1019 2723 specimina,
1063 2673 1241 2723 inprimis
1281 2672 1568 2727 Helerope‘era,
1605 2670 1862 2726 DJPZoplera,
1900 2669 2132 2726 ApiarideS,

302 2745 629 2787 Tentlzredlniaeles
665 2749 703 2784 et
733 2743 976 2801 Syrplzicos.
1016 2749 1203 2795 quantum
1245 2744 1283 2784 id
1323 2746 1496 2798 hujusce
1530 2744 1714 2797 opusculi
1746 2744 1938 2783 terminos
1969 2744 2131 2795 adtinet,

303 2820 352 2860 ad
389 2819 604 2870 explendas
643 2816 989 2867 absolvendasque
1030 2828 1170 2856 eorum
1211 2818 1543 2870 monographias,
1590 2829 1706 2869 quam
1747 2816 1914 2867 primum
1959 2816 1999 2855 id
2044 2816 2131 2856 fieri

305 2896 454 2944 potest,
492 2890 643 2929 Vilnam
674 2889 859 2929 mittenda
891 2892 1051 2938 curent,
1091 2901 1214 2941 quae,
1253 2894 1296 2928 ut
1324 2892 1493 2942 primum
1524 2890 1651 2930 invisa
1691 2892 1985 2940 perspectaque
2015 2902 2037 2929 a
2068 2903 2131 2930 me

305 2964 470 3013 fuerint,
507 2962 611 3001 nulla
643 2974 751 3001 mora
787 2961 978 3014 nulloque
1016 2961 1179 3010 (tamne,
1217 2973 1297 3013 quo
1328 2963 1470 3014 velint,
1510 2956 1890 3003 remittendaiomni
1929 2961 2129 3015 religione

306 3035 453 3075 curabo
485 3047 529 3073 ac
561 3034 805 3073 contendam.

416 3107 667 3147 Eruditorum
698 3111 776 3146 tum
809 3106 964 3146 demum
995 3105 1279 3159 indulgentiam
1302 3118 1452 3156 exoro,
1483 3110 1544 3155 ut,
1573 3107 1605 3145 si
1638 3105 1832 3158 quaedam
1855 3106 1983 3146 minus
2015 3117 2129 3147 com-
