2259 3506
1002 202 1057 233 ,Χ
1139 214 1209 218 ψ

209 317 431 357 Carolus
463 317 523 357 (le
544 317 794 358 Perthees
826 319 957 359 lucem
991 321 1149 371 aspexit
1172 321 1355 360 Dresdae
1388 335 1422 360 a.
1444 320 1563 372 1739,
1596 326 1832 374 parentibus
1855 333 1970 368 natus

97 389 420 438 Gallo-francis,
453 390 601 441 quibus
624 395 765 430 tenera
788 391 919 430 adhuc
941 396 1071 431 aetate
1096 391 1263 432 orbatus
1287 394 1496 444 auspicato
1520 406 1541 433 a
1561 394 1716 435 Comite
1738 396 1969 447 Kayser-

95 460 231 516 ling,
274 461 437 500 natione
470 462 634 502 Curono
666 467 787 514 atque
821 467 914 502 tunc
946 464 1141 513 temporis
1174 464 1222 503 acl
1256 465 1399 504 Aulam
1432 466 1635 506 Saxoniae
1668 446 1872 508 Electoris
1903 468 1970 508 le—

93 537 208 584 gato,
240 532 452 584 adoptatus
485 539 606 585 atque
639 538 715 573 tam
748 534 974 573 liberaliter
1005 535 1202 574 educatus
1234 535 1329 585 suit,
1361 541 1403 576 ut
1424 538 1463 576 in
1487 537 1608 577 domo
1632 539 1816 591 ejusdem
1843 541 1968 591 quin-

46 656 48 659 Υ
94 603 235 642 decem
268 615 464 644 annorum
496 606 625 656 spatio
658 606 804 644 studiis
836 606 1142 645 humanioribus
1174 617 1338 657 operam
1370 615 1536 648 navaret
1565 615 1823 663 mentemque
1855 624 1968 652 suam

95 675 254 725 optimis
287 677 516 727 praeceptis
548 681 779 715 exornaret.
841 676 1022 725 Deinde,
1057 677 1123 716 vix
1146 678 1208 716 vel
1242 691 1292 717 ne
1316 680 1382 718 vix
1408 681 1592 732 quidem,
1624 687 1832 732 parentem
1860 684 1971 724 illum

94 758 210 786 suum
244 760 278 786 a.
313 747 418 788 1745
452 748 758 787 Francofurtum
791 748 839 787 ad
873 748 1083 797 Moenum,
1123 754 1204 788 tum
1239 750 1522 802 Ratisbonam,
1557 753 1704 793 deinde
1737 754 1971 795 Berolinum

95 819 331 868 comitatus,
378 818 527 858 ibidem
569 821 740 871 primum
790 820 830 858 in
869 819 1010 859 schola
1050 820 1212 860 militari
1252 822 1491 873 disciplinae
1533 824 1690 864 addicta
1733 838 1806 877 per
1846 828 1972 878 quin-

95 892 314 942 quennium
347 890 492 929 studiis
525 890 639 929 hisce
680 890 848 930 assiduo
888 891 1082 941 instabat,
1127 905 1220 933 mox
1260 899 1417 944 autem,
1459 895 1603 934 altiora
1646 901 1810 948 petens,
1852 899 1972 938 trium

94 974 290 1002 annorum
324 964 453 1013 spatio
487 963 525 1002 in
556 975 602 1002 re
635 963 897 1002 tormentaria
928 968 1117 1004 versatus
1156 969 1241 1014 est,
1281 966 1388 1005 nulla
1422 968 1573 1006 omissa
1607 969 1851 1020 occasione,
1893 983 1972 1022 qua

95 1034 272 1073 caeteris
304 1035 460 1074 artibus
492 1035 723 1086 studiisque
758 1035 874 1074 bonis
904 1037 1078 1075 animum
1101 1038 1315 1090 egregium
1341 1038 1579 1078 informaret
1601 1043 1722 1090 atque
1745 1040 1971 1080 excoleret.

95 1106 183 1152 Quo
215 1105 362 1145 factum
397 1110 480 1156 est,
514 1111 556 1146 ut
585 1106 774 1159 Augusto
799 1107 885 1157 111.,
918 1107 1175 1147 Poloniarum
1209 1121 1330 1161 rege,
1365 1123 1398 1148 a.
1426 1109 1532 1151 1764
1564 1111 1643 1150 vita
1675 1111 1891 1160 defuncto,
1923 1113 1972 1151 ab

95 1178 240 1217 eodem
273 1176 649 1233 Iseyserlingio
683 1179 884 1219 Stanislao
916 1180 1105 1232 Augusto
1137 1181 1226 1233 regi
1260 1183 1588 1231 commendatus,
1621 1182 1670 1222 ab
1703 1182 1847 1222 eodem
1880 1183 1974 1222 bel-

96 1250 268 1289 licorum
302 1261 472 1301 operum
504 1251 580 1289 rite
613 1251 962 1290 conficiendorum
995 1253 1152 1290 muneri
1184 1252 1417 1291 adstruetus
1451 1258 1525 1291 est.
1587 1254 1757 1292 Biennio
1790 1258 1902 1305 post,
1935 1260 1977 1293 et

97 1322 259 1372 quidem
292 1334 326 1360 a.
356 1320 480 1371 1766,
512 1322 744 1373 gravissimi
776 1322 947 1374 hujusce
981 1322 1104 1361 officii
1127 1324 1255 1375 gratia
1279 1336 1324 1362 ac
1350 1324 1534 1373 nomine,
1566 1336 1663 1364 cura
1685 1323 1976 1376 Perllze'esi‚

98 1398 339 1445 sumptuque
371 1394 511 1445 regio,
544 1398 638 1433 tunc
670 1396 841 1444 primum
873 1394 1023 1434 Tabula
1056 1396 1357 1448 geographica,
1391 1408 1468 1446 qua
1491 1395 1677 1448 Regnum
1709 1396 1904 1437 Potoniae
1934 1398 1973 1436 in

95 1466 330 1504 universum
362 1477 409 1504 ac
440 1466 480 1503 in
512 1466 650 1517 specie
682 1470 768 1505 arte
800 1466 1141 1518 chalcographica
1173 1468 1428 1518 exsculptum
1462 1471 1569 1517 erat,
1594 1469 1677 1519 Jam
1704 1469 1786 1519 jam
1804 1469 1974 1508 Parisiis

96 1537 249 1589 publici
276 1538 382 1589 juris
416 1536 601 1576 facienda
631 1542 740 1587 erat,
778 1551 867 1577 cum
901 1539 1122 1589 specimina
1155 1539 1339 1591 ejusdem
1380 1538 1599 1591 archetypa
1641 1540 1832 1580 incendio
1865 1539 1972 1579 forte

96 1612 136 1648 in
168 1622 262 1649 arce
294 1610 410 1662 regia
442 1610 697 1649 varsaviensi
729 1615 896 1660 exorto,
935 1610 1043 1662 quod
1086 1623 1184 1651 sane
1216 1610 1435 1650 dolendum
1476 1615 1558 1660 est,
1601 1623 1679 1650 una
1713 1623 1803 1650 cum
1836 1611 1973 1651 multis

97 1682 186 1721 aliis
218 1681 444 1734 eiusmodi,
476 1681 726 1733 conflagrata
759 1686 864 1721 sunt.
897 1706 949 1710 —

208 1753 391 1792 Alterum
429 1753 821 1804 praestantissimum
853 1754 1123 1793 Pertlze'esz‘
1159 1756 1198 1794 in
1237 1767 1322 1793 rem
1355 1753 1673 1807 geographicam
1712 1755 1866 1795 laboris
1905 1755 1974 1794 in-

97 1824 252 1865 defessi
285 1824 571 1864 documentum
605 1829 737 1864 exstat
768 1826 808 1864 in
830 1825 935 1865 libro
958 1828 1234 1878 manuscripto
1266 1826 1422 1878 aliquot
1443 1825 1713 1877 voluminum,
1746 1838 1827 1878 quo
1850 1831 1974 1877 topo-

97 1897 265 1950 graphia
297 1897 480 1936 universi
511 1897 643 1950 Regni
675 1898 869 1937 Poloniae
909 1899 1081 1937 maxima
1114 1910 1211 1937 cura
1251 1899 1490 1950 consignata
1523 1898 1810 1950 descriptaque
1842 1898 1974 1937 habe-

97 1975 183 2019 tur,
214 1969 505 2009 accedentibus
533 1969 694 2009 tabellis
719 1982 837 2021 quam
860 1970 1068 2022 plurimis,
1100 1971 1248 2022 quibus
1271 1970 1508 2020 fluviorum,
1540 1970 1722 2022 lacuum,
1754 1971 1974 2023 sylvarum,

97 2043 251 2081 viarum
283 2041 556 2093 publicarum,
589 2041 683 2093 quid
718 2043 751 2082 si
784 2043 901 2082 etiam
935 2043 1158 2082 rivulorum
1190 2054 1476 2095 pagorumque
1509 2042 1609 2081 situs
1643 2047 1728 2081 arte
1760 2054 1806 2081 ac
1838 2040 1973 2080 studio

99 2114 248 2153 eximio
282 2113 522 2154 indicantur.
584 2113 660 2159 Qui
692 2113 798 2153 liber
830 2126 999 2166 magnae
1032 2114 1150 2153 molis
1177 2127 1198 2153 a
1222 2114 1378 2153 Comite
1401 2112 1595 2153 Adamo
1617 2112 1975 2167 Clareplowicz

98 2198 176 2225 una
208 2198 298 2225 cum
328 2186 544 2238 regionum
577 2185 779 2224 variarum
819 2185 968 2225 tabulis
1000 2188 1101 2237 (quo
1139 2198 1310 2226 numero
1352 2187 1470 2225 etiam
1512 2186 1618 2225 inest
1658 2185 1726 2225 illa
1764 2183 1976 2223 rarissima

96 2257 290 2297 Paludum
327 2257 514 2297 Polesiae
555 2256 795 2296 Danielis
835 2257 1096 2297 Zia-iclferz'
1132 2258 1286 2297 Gedani
1318 2258 1458 2297 MDCL
1497 2258 1602 2310 typis
1645 2257 1775 2307 data),
1822 2255 1974 2307 exiguo

96 2330 253 2381 praetio
285 2341 305 2368 a
338 2328 484 2368 Perth
500 2330 609 2370 e'esz'
637 2329 882 2369 haeredibus
914 2334 1069 2380 onnus,
1101 2343 1133 2370 a.
1158 2329 1267 2372 1840
1288 2330 1592 2379 Bibliothecae,
1624 2341 1728 2382 quae
1759 2327 1974 2368 Szczorsis

98 2403 137 2440 in
168 2401 499 2453 Nowogrodcnsi
531 2401 717 2440 districtu
750 2401 889 2451 floret,
921 2402 1081 2442 additus
1112 2406 1186 2442 est.

209 2472 480 2512 Nihilominus
503 2478 657 2523 tamen,
690 2474 898 2524 praestitis
923 2474 1037 2513 hisce
1061 2474 1242 2514 muneris
1266 2474 1329 2514 sui
1352 2474 1520 2523 officiis,
1551 2473 1648 2512 nihil
1670 2469 1974 2511 Pertlte'esio

100 2545 305 2597 antiquius
336 2545 513 2585 Naturae
556 2546 941 2597 investigationibus
985 2551 1091 2596 erat,
1130 2546 1313 2597 inprimis
1355 2550 1487 2584 autem
1528 2543 1841 2595 entomologicis
1880 2541 1976 2589 illis,

102 2618 249 2669 quibus
283 2629 401 2657 omne
433 2622 611 2669 tempus,
652 2617 759 2668 quod
803 2618 840 2657 ei
881 2631 901 2657 a
942 2619 1115 2670 publicis
1151 2617 1328 2670 negotiis
1367 2616 1569 2668 reliquum
1608 2615 1704 2664 suit,
1743 2615 1863 2653 enixe
1895 2613 1976 2651 im·-

101 2690 282 2741 pendere
315 2689 493 2738 solebat,
532 2690 585 2727 ita
616 2693 659 2727 ut
690 2689 783 2728 inde
823 2690 870 2729 ab
903 2701 1008 2729 anno
1043 2686 1149 2729 1773
1181 2701 1315 2740 usque
1353 2688 1402 2727 ad
1434 2700 1579 2727 anuum
1613 2684 1721 2727 1798
1751 2684 1976 2725 alternatim

103 2761 249 2813 quovis
281 2762 472 2800 semestri
502 2761 680 2809 aestivo,
730 2773 810 2812 quo
844 2762 881 2800 ei
914 2762 1007 2800 otiis
1040 2762 1125 2800 suis
1156 2771 1230 2812 pro
1262 2760 1377 2799 libitu
1409 2759 1486 2798 frui
1517 2759 1649 2808 licuit,
1682 2757 1845 2810 singulo
1869 2767 1977 2807 quo-

102 2834 163 2872 vis
196 2833 261 2872 die
295 2833 567 2872 excursiones
599 2833 925 2885 entomologicas
957 2833 996 2871 in
1038 2832 1128 2872 loca
1160 2832 1292 2871 vicina
1335 2830 1535 2883 singulari
1567 2842 1656 2869 cum
1689 2828 1822 2869 studio
1854 2826 1977 2866 insti-

104 2909 250 2945 tueret.
311 2904 399 2950 Quo
433 2904 580 2944 factum
613 2908 695 2954 est,
727 2909 790 2953 ut,
822 2915 903 2943 uno
936 2904 1004 2942 vix
1036 2903 1185 2943 famulo
1217 2903 1397 2954 adjutus,
1429 2901 1545 2940 brevi
1575 2905 1758 2953 tempore
1789 2901 1976 2939 insecto-

106 2987 192 3014 rum
223 2976 510 3027 larvarumque
542 2975 930 3026 Lepidopterorum,
973 2975 1121 3026 quibus
1160 2973 1348 3026 legendis
1387 2977 1493 3012 tanta
1533 2985 1622 3012 cum
1665 2972 1901 3013 assiduitate
1938 2973 1978 3008 ct

108 3058 204 3086 cura
246 3048 435 3097 vacabat,
473 3059 686 3087 numerum
726 3047 870 3086 mirum
911 3047 950 3086 in
990 3045 1150 3085 modum
1190 3045 1349 3084 auxerit
1388 3057 1541 3097 eaque,
1578 3045 1628 3085 ad
1660 3045 1845 3098 Systema
1874 3040 1977 3080 Fa-

108 3117 262 3157 bricii
289 3120 328 3158 in
360 3120 549 3170 ordines,
580 3130 734 3172 genera
766 3130 813 3157 ac
845 3119 1007 3170 species
1038 3117 1203 3157 redacta
1235 3128 1282 3155 ac
1304 3115 1519 3167 disposita,
1550 3117 1750 3158 concinne
1773 3126 1820 3155 ac
1842 3110 1979 3166 lepide

1694 3189 1714 3220 b
