2259 3506
1058 213 1421 263 *lon-

323 360 430 412 gari,
461 358 584 397 latera
616 369 646 396 s.
678 354 900 408 margines:
934 355 1124 403 quatuor,
1156 351 1335 402 quinque
1358 354 1424 389 aut
1445 360 1540 397 sex,
1573 348 1820 402 totidemque
1842 348 1977 402 anguli
2001 348 2162 388 discer-

322 435 478 471 nuntur.
536 430 674 482 Margo
706 426 930 467 anterior
961 424 1077 475 capiti
1108 424 1335 474 proximus,
1366 421 1603 473 saepissime
1634 434 1770 461 arcum
1803 423 1892 462 sinu
1923 425 2041 461 extus
2063 433 2162 473 spe-

321 505 439 544 ctanti
466 502 610 547 resert3
656 501 784 539 rarius
815 502 950 537 rectus
989 501 1054 536 aut
1091 497 1327 537 rotundatus
1367 495 1617 534 observatur.
1676 494 1880 547 Margines
1916 494 2162 534 laterales

321 589 408 616 cum
438 575 658 621 anteriore,
696 570 866 624 angulos
898 570 1208 618 anteriores,
1247 568 1365 608 iidem
1398 580 1486 607 cum
1516 567 1829 618 posteriore,
1868 567 2039 621 angulos
2069 567 2163 606 hu·-

321 648 535 689 merales
573 645 755 683 formant.
815 644 957 697 Margo
995 643 1198 695 posterior
1235 641 1354 681 modo
1392 645 1503 680 recte
1541 644 1769 689 truncatus,
1815 639 1940 687 modo*
1972 640 2163 678 arcuatim

322 721 509 767 inflexus,
541 718 701 769 saepius
733 721 863 756 autem
894 716 1085 755 arcuatim
1117 725 1325 754 convexus
1356 714 1554 761 occurrit3
1586 713 1624 752 in
1656 711 1899 768 Tingiclibus
1922 713 2009 764 ipso
2031 711 2163 751 medio

319 792 530 846 angulatim
564 790 713 830 fractus
745 793 784 829 et
814 801 934 841 supra
965 787 1175 828 scutellum
1205 787 1446 839 productus,
1484 797 1764 838 processus
1797 798 1817 825 a
1847 783 2057 824 Fiebero
2098 784 2163 823 di·-

319 868 431 905 citur.
491 863 571 904 Sed
608 863 710 915 apud
749 861 1026 917 Longiscntos
1071 860 1175 899 inter
1215 860 1387 914 angulos
1432 859 1661 899 humerales
1706 862 1745 898 et
1786 858 1958 911 angulos
2004 856 2164 898 scutelli

317 938 420 977 idem
451 948 589 990 margo
620 936 798 975 anterior
829 947 950 986 saepe
981 934 1020 972 in
1050 932 1221 986 angulos
1251 934 1574 984 posteriores
1606 931 1842 980 inflectitur,
1874 932 1942 983 qui
1971 931 2010 970 in
2040 930 2164 969 variis

316 1009 534 1064 generibus
563 1008 907 1064 Longiscm‘ormn
935 1006 1024 1059 plus
1054 1018 1090 1045 v.
1123 1006 1251 1045 minus
1283 1006 1491 1057 conspicui
1524 1009 1636 1054 sunt,
1668 1008 1734 1044 aut
1756 1004 1907 1044 sensim
1930 1004 2164 1055 sensimque

316 1083 365 1122 ad
395 1082 627 1121 humeros
660 1081 864 1132 disparent
893 1085 931 1119 ct
962 1092 1050 1120 cum
1082 1078 1160 1118 illis
1193 1078 1409 1118 confluunt.
1432 1103 1483 1107 ——
1504 1078 1547 1117 In
1577 1082 1689 1129 parte
1722 1078 1851 1117 antica
1880 1076 2039 1128 pronoti
2061 1075 2164 1127 apud

315 1166 454 1194 omnes
492 1153 660 1193 familias
699 1153 932 1204 superiores
972 1152 1351 1203 Heteropterorum,
1395 1151 1636 1191 observatur
1672 1150 1790 1190 litura
1840 1154 1906 1190 aut
1950 1150 2164 1201 impressio

315 1233 565 1275 transversa,
597 1238 713 1278 quam
745 1225 892 1265 liturae
920 1223 1114 1263 normalis
1144 1222 1304 1264 nomine
1336 1224 1607 1277 designamus.
1658 1223 1694 1263 A
1721 1223 1904 1277 generali
1927 1222 2163 1262 conforma-

315 1302 420 1340 tione
465 1299 640 1339 thoracis
686 1298 920 1337 nostratium
959 1297 1316 1349 Heteropterorum
1355 1297 1603 1351 singularem
1647 1295 1944 1336 aberrationem
1990 1296 2165 1336 ostendit

312 1373 579 1429 illyrmecoris
610 1371 724 1423 cujus
754 1370 930 1409 thoracis
960 1375 1094 1421 partes
1124 1371 1179 1410 uti
1209 1370 1248 1409 in
1279 1370 1473 1409 Formicis
1504 1374 1747 1423 segregatae
1781 1373 1883 1410 sunt.

421 1450 457 1492 ς.
480 1443 517 1486 9.
569 1443 788 1485 Scutellum
819 1447 930 1495 parte
962 1455 1034 1482 sua
1064 1443 1227 1483 basilari
1250 1455 1338 1482 cum
1360 1442 1642 1482 mesothorace
1665 1442 1905 1482 coalescens
1927 1442 1967 1481 in
1989 1441 2163 1481 diversis

312 1517 470 1558 familiis
506 1517 659 1557 varium
698 1516 866 1570 gradum
904 1514 1145 1556 evolutionis
1185 1515 1348 1555 obtinet.
1408 1514 1450 1554 In
1479 1514 1744 1571 Longiscutis
1776 1514 1989 1555 orbiscutis
2028 1515 2163 1554 maxi-

313 1604 437 1640 mum,
481 1590 566 1629 basi
603 1589 885 1643 rectangulare
922 1593 1045 1628 totum
1083 1588 1281 1628 abdomen
1326 1591 1365 1627 et
1408 1587 1646 1640 hemielytra
1691 1587 1740 1626 ad
1778 1592 1912 1628 costas
1950 1587 2163 1641 obtegens,

312 1666 390 1705 lato
427 1663 661 1703 terminatur
697 1674 814 1710 arcu;
862 1662 902 1700 in
932 1660 1196 1716 Longiseutis
1227 1661 1444 1700 coniscutis
1481 1661 1645 1713 maj0ris
1684 1661 1969 1714 magnitudinis
2008 1660 2162 1701 formae

312 1735 566 1789 parabolicae
598 1739 664 1774 aut
694 1734 837 1774 conico
867 1733 1136 1786 triangulare,
1166 1733 1305 1773 saltem
1337 1733 1511 1773 medium
1541 1733 1766 1773 abdominis
1799 1734 1979 1783 excedit,
2011 1734 2049 1773 in
2072 1734 2161 1773 aliis

312 1809 486 1850 Familiis
518 1807 723 1848 mediocre
755 1811 820 1846 aut
850 1818 1033 1858 parvum,
1059 1818 1219 1857 semper
1248 1805 1518 1859 triangulare,
1549 1807 1652 1856 apud
1683 1804 1882 1862 Tingides
1913 1818 1933 1845 a
1964 1818 2160 1858 processu

312 1883 469 1935 pronoti
497 1881 720 1930 obtectum,
752 1880 866 1931 quasi
899 1878 1074 1919 deficere
1103 1878 1274 1918 videtur.

1077 2002 1124 2051 C.
1191 2000 1395 2049 Alae.

418 2107 455 2150 §.
480 2099 542 2141 10.
592 2099 688 2139 Alas
720 2099 851 2138 omnia
880 2095 1145 2148 Heteroptera
1166 2096 1347 2149 perfecte
1369 2096 1528 2138 evoluta
1550 2094 1784 2137 normaliter
1806 2101 1980 2151 quatuor
2000 2096 2159 2147 habent,

314 2175 412 2218 duas
451 2172 681 2225 superiores
723 2175 763 2210 et
801 2171 899 2211 duas
939 2168 1156 2209 inferiores
1186 2169 1489 2210 horizontaliter
1519 2170 1559 2209 in
1589 2168 1800 2210 abdomine
1831 2174 2042 2220 extensas,
2082 2170 2157 2211 sibi

314 2247 609 2294 incumbentes,
640 2245 893 2296 superiorum
928 2242 1107 2293 apicibus
1138 2242 1381 2283 decussatim
1412 2244 1691 2295 superpositis.
1742 2243 1822 2284 Sed
1852 2244 1893 2282 in
1924 2243 2158 2284 conforma-

314 2323 420 2363 tione
450 2319 700 2371 superiorum
737 2321 794 2355 tot
822 2314 1140 2355 modificationes
1171 2315 1409 2366 obveniunt,
1448 2321 1490 2356 ut
1519 2316 1733 2370 rigorosos
1765 2317 1958 2357 terminos
1988 2316 2037 2356 ad
2068 2317 2156 2357 illas

313 2389 707 2442 circumscriptiones
738 2388 843 2428 haud
873 2388 1090 2427 admittunt.

369 2480 402 2507 a.
445 2461 693 2520 Ηεηιὶεζγίνα
720 2459 882 2514 propria
920 2470 951 2500 s.
982 2471 1079 2500 vera
1109 2460 1332 2513 apellantur
1362 2461 1523 2514 quando
1553 2472 1645 2514 pars
1677 2462 1864 2502 coriacea
1902 2473 1934 2502 s.
1966 2462 2155 2503 corium

450 2541 489 2577 et
518 2535 795 2576 membrana
826 2532 1064 2586 apicaliS,
1103 2533 1242 2573 colore
1280 2538 1320 2574 et
1357 2534 1619 2574 consistentia
1656 2534 1864 2574 evidenter
1901 2534 2090 2575 differunt
2118 2550 2155 2576 v.

449 2623 484 2650 c.
513 2610 554 2649 in
583 2608 766 2649 omnihus
796 2604 1069 2662 Longiscutis.

368 2683 406 2723 b.
449 2680 647 2738 Tegmina
678 2679 874 2732 (Fieber)
905 2691 927 2718 a
957 2678 1212 2731 Hemielytris
1245 2679 1493 2731 discrepant,
1532 2679 1749 2720 substantia
1787 2684 1867 2720 tota
1904 2680 2155 2735 homogenea

450 2768 487 2794 v.
517 2754 841 2802 membranacea,
876 2750 1006 2802 tenui,
1043 2752 1190 2801 vitrea,
1230 2765 1333 2804 quae
1371 2756 1501 2792 tamen
1540 2752 1654 2793 basin
1687 2764 1833 2793 versus
1865 2753 2086 2794 incrassata
2116 2760 2156 2794 et

453 2827 636 2866 coriacea
666 2829 828 2878 apparet
857 2838 893 2864 V.
917 2837 951 2863 c.
983 2825 1022 2863 in
1054 2823 1222 2864 Corizz's.

371 2914 404 2939 c.
448 2896 640 2954 Sagenae
675 2897 875 2948 (Fieber)
914 2896 1119 2946 dicuntur,
1170 2909 1291 2949 quum
1336 2901 1416 2938 tota
1454 2908 1670 2952 compages
1708 2896 1859 2937 alarum
1898 2899 2153 2950 superiorum

446 2971 715 3023 homogenea,
744 2970 890 3020 vitrea,
920 2973 986 3009 aut
1016 2969 1319 3010 membranacea
1354 2982 1406 3010 ex
1435 2970 1584 3011 areolis
1616 2970 1875 3010 creberrimis
1902 2971 1979 3011 reti
2006 2971 2055 3011 ad
2086 2974 2152 3012 in—

451 3047 533 3083 star
563 3041 728 3081 conflata
759 3046 821 3081 est
848 3055 885 3082 v.
907 3055 941 3082 c.
973 3042 1075 3093 apud
1105 3039 1313 3097 Tingides.

424 3116 466 3154 ln
486 3114 740 3166 Hemielytris
760 3116 868 3153 veris
890 3115 1231 3154 discriminantur:
1263 3126 1401 3168 margo
1433 3114 1652 3155 costalis
1684 3126 1716 3155 s.
1750 3115 1951 3166 exterior,
1981 3116 2151 3169 margini

316 3187 551 3229 abdominali
587 3186 854 3237 propinquus,
895 3191 933 3224 et
978 3189 1181 3238 oppositus
1220 3199 1358 3240 margo
1404 3190 1639 3238 interior,
1685 3201 1760 3228 nec
1804 3200 1882 3228 non
1929 3188 2149 3241 angulus
