2259 3506
871 224 941 228 —
1031 193 1124 244 1723
1205 221 1275 226 —

145 333 321 372 instituta
353 332 602 383 desumptas,
635 331 682 370 ad
716 331 865 371 calcem
898 330 1184 382 descriptionis
1215 328 1420 368 addendas
1452 329 1613 377 curavi,
1645 341 1723 379 quo
1758 330 1818 378 iis,
1851 331 1995 381 quibus

144 405 335 456 deinceps
377 405 572 444 foeminas
611 404 1003 456 'l'yzenhauziac
1041 402 1378 453 vespiformis
1419 400 1522 453 apud
1561 412 1635 439 nos
1676 400 1891 454 detegendi
1932 403 1995 442 fa—

144 478 272 516 cultas
305 478 537 530 contigerit,
579 477 626 516 de
670 476 876 515 identitate
909 475 969 514 vel
1013 474 1238 514 differentia
1276 474 1419 513 insecti
1460 474 1676 513 americani
1716 478 1751 512 et
1793 474 1996 515 litliuanici

145 549 389 601 dijudicandi
421 550 548 602 major
576 549 851 601 opportunitas
882 553 920 586 et
950 547 1019 586 lux
1049 546 1287 586 offundatur.

144 687 179 726 l.
229 687 295 730 T.
319 686 771 743 vespiformvfs*;
802 687 934 738 nigra,
967 685 1133 725 thorace
1156 685 1273 724 lineis
1297 685 1399 724 binis
1422 686 1674 737 interruptis„
1706 685 1818 725 callis
1841 686 1997 728 duobus

284 761 555 800 humeralibus
586 759 832 810 totidemque
865 758 1031 797 maculis
1064 757 1377 806 mcsothoracis,
1411 758 1582 797 scutelle
1615 758 1713 803 basi,
1745 759 1997 800 abdominis-

282 847 359 885 que
393 832 528 872 fasciis
561 836 714 882 septem
746 831 1037 870 ssavo-aurcis:
1087 829 1265 870 secunda
1297 829 1502 879 distincta,
1535 835 1673 881 quarta
1704 835 1743 870 et
1775 837 1888 872 sexta
1919 834 1997 874 ob—

282 906 411 945 solete
434 906 472 943 in
495 904 627 943 medio
650 905 889 957 interrupta,
921 904 1037 942 tertia
1060 909 1099 942 et
1120 903 1255 954 quinta
1279 903 1602 954 angustioribuffi
1636 903 1815 943 articulis
1839 904 1996 946 duobus

283 981 473 1017 extremis
505 983 704 1017 tarsorum
736 975 1212 1016 testaceo-fuscentibus.
1273 975 1384 1014 Mas.
1446 975 1539 1014 Tab.
1572 975 1706 1015 Nostr.
1731 976 1757 1014 Ι.
1790 976 1855 1029 fig.
1882 978 1895 1018 1
1935 977 2002 1018 1ιῦιῖ

281 1050 508 1104 sphalmata>
536 1055 565 1097 Q
594 1064 670 1103 pro
709 1050 751 1094 0⁷*
786 1048 1034 1102 inscriptum.
1095 1049 1219 1101 Long.
1250 1047 1386 1094 71111.;
1419 1047 1467 1086 al.
1502 1060 1592 1099 exp.
1628 1047 1792 1100 12ὲ1111.

256 1156 412 1195 Habitat
440 1157 542 1195 locis
565 1156 705 1195 Vilnae
736 1155 990 1208 propinquis,
1022 1159 1059 1194 at
1090 1155 1311 1204 rarissime,
1336 1167 1398 1193 mc
1431 1153 1592 1205 quidem
1617 1158 1792 1193 auctore.
1835 1156 1996 1197 Unicum

145 1251 371 1303 exemplum
403 1253 622 1292 masculum
655 1252 718 1290 (lie
738 1225 783 1316 267L
806 1227 896 1325 Ἧζιι

146 1348 333 1398 septima,
365 1347 437 1386 alis
461 1348 707 1399 semipatulis
730 1346 827 1386 folio
860 1346 1040 1386 fructicis
1063 1345 1270 1397 cujusdam
1295 1345 1500 1395 insidens,
1526 1346 1608 1398 jam
1633 1346 1716 1398 jam
1740 1346 2000 1398 avolaturum,

146 1420 253 1471 quod
286 1419 440 1471 forcipe
473 1419 565 1459 huic
594 1420 654 1458 rei
684 1425 823 1471 parato
855 1420 966 1471 cepi,
999 1419 1165 1458 Musaeo
1198 1417 1445 1457 berolinensi
1479 1431 1498 1457 a
1531 1430 1593 1457 me
1626 1418 1798 1457 delatum
1830 1424 1903 1458 est.

256 1492 482 1546 Descriptio
521 1494 658 1532 maris.
719 1492 963 1544 Hypostoma
1003 1491 1217 1539 verticale,
1256 1491 1459 1539 conicum,
1498 1491 1661 1530 luteum.
1730 1490 1844 1531 Oculi
1885 1492 2000 1538 fusci,

928 1263 964 1290 11.
998 1262 1029 1289 5.
1064 1249 1188 1300 1846,
1231 1250 1278 1289 ad
1321 1249 1526 1302 praedium
1560 1247 1724 1300 Werki,
1757 1263 1871 1290 mane
1902 1251 1998 1292 liora

147 1566 194 1604 ad
227 1565 378 1604 orbitas
409 1565 777 1618 luteo-marginati.
837 1565 987 1604 Vertex
1019 1565 1148 1617 niger.
1209 1564 1479 1603 Tuberculum
1510 1564 1721 1603 antennale
1754 1565 1930 1617 nigrum,
1962 1565 2001 1605 in

149 1637 296 1676 ambitu
326 1638 560 1676 tenuissime
602 1638 928 1677 luteo-cinctum.
988 1637 1023 1676 A
1063 1637 1275 1677 tuberculo
1318 1636 1519 1676 antennali
1559 1636 1605 1676 ad
1646 1638 1874 1676 excisuram
1911 1640 2000 1690 api-

149 1711 274 1750 calem
322 1710 610 1762 liypostomatis
657 1711 839 1750 excurrit
875 1710 1000 1749 fascia
1046 1710 1181 1762 nigra,
1220 1709 1365 1757 nitisia;
1412 1709 1536 1748 latera
1576 1709 1693 1748 faciei
1741 1712 2002 1750 anteriora

149 1784 336 1835 uti-Inque
377 1783 500 1822 fascia
538 1783 645 1822 lutea
688 1784 735 1822 ab
775 1784 888 1835 apice
926 1782 1125 1822 tuberculi
1166 1781 1390 1821 antennalis
1435 1781 1483 1820 ad
1524 1782 1675 1833 apicem
1715 1782 2004 1834 liypostomatis

150 1860 392 1895 excurrente
425 1859 584 1905 ornata,
614 1856 918 1907 posteriora
950 1856 1078 1907 nigra.
1138 1855 1348 1894 Antennae
1379 1859 1485 1893 totae
1516 1855 1677 1907 nigrae:
1709 1855 1901 1895 articulus
1933 1867 2005 1895 se-

150 1928 304 1967 cundus
348 1929 477 1979 primo
522 1940 660 1979 parum
699 1928 872 1980 longior.
936 1928 1027 1967 Seta
1070 1927 1491 1979 fusco-ferruginea,
1523 1927 1673 1977 apicem
1707 1927 1862 1966 articuli
1900 1929 2005 1967 tertii

152 2002 273 2053 longe
313 2012 531 2052 superans,
569 2001 747 2041 incurva.
809 2000 963 2051 Corpus
996 2012 1187 2051 opacum,
1227 2000 1317 2051 pilis
1357 1999 1688 2048 flavescentibus,
1720 2001 1889 2049 erectis,
1926 2013 2005 2052 pu—

152 2074 336 2113 bescens.
396 2073 557 2112 Thorax
587 2074 716 2126 niger.
776 2072 1002 2112 Tubercula
1039 2072 1117 2112 (luo
1151 2072 1371 2112 humeralia
1413 2071 1583 2120 callosa,
1623 2076 1794 2122 quatuor
1827 2073 2005 2112 maculae

151 2146 442 2185 mesothoracis
474 2146 596 2194 (duae
628 2159 679 2185 cx
710 2151 884 2198 utroque
915 2146 1062 2195 latere)
1095 2146 1283 2197 superior
1315 2144 1509 2196 oblonga,
1550 2144 1719 2183 inferior
1758 2145 2005 2185 subrotunda

152 2222 191 2257 et
212 2223 383 2270 quatuor
414 2219 537 2257 striae
568 2220 607 2257 in
639 2219 762 2258 dorso
795 2224 1011 2272 angustae,
1042 2219 1294 2270 posteriores
1322 2218 1535 2257 breviores
1567 2229 1704 2268 parum
1733 2217 2007 2271 divergentcs,

152 2292 377 2331 anteriores
408 2291 640 2344 longiores,
672 2291 911 2344 parallelae,
943 2292 990 2331 ab
1022 2291 1103 2331 illis
1126 2291 1250 2344 longo
1273 2290 1484 2330 intervallo
1508 2289 1682 2339 divisae,
1713 2290 1859 2330 luteae.
1902 2292 2007 2331 Scu-

152 2364 288 2403 tellum
322 2364 501 2415 nigrum,
534 2377 621 2404 cum
653 2364 790 2404 lunula
830 2365 877 2404 ad
901 2365 1014 2404 basin
1044 2364 1437 2404 tomentoso-lutea.
1498 2363 1696 2415 Squamae
1728 2364 1766 2402 in
1797 2363 1888 2402 vivo
1919 2362 2007 2402 fer-

153 2437 369 2489 rugineae,
408 2437 539 2475 serius
570 2437 763 2488 pallidae,
799 2438 969 2477 ciliatae.
1031 2437 1217 2476 Halteres
1249 2437 1286 2476 in
1319 2438 1410 2476 vivo
1443 2436 1688 2488 ferruginei,
1728 2435 1885 2474 demum
1918 2435 2007 2485 pal-

154 2509 241 2548 lidi:
282 2509 393 2548 clava
426 2508 538 2548 brevi
570 2510 682 2560 apice
721 2514 917 2549 truncato.
980 2510 1080 2550 Alae
1121 2510 1299 2559 albidae,
1342 2509 1661 2557 subnebulosae,
1703 2508 1837 2546 nervis
1870 2506 2007 2546 serru-

154 2582 517 2634 gineo-testaceis:
550 2583 871 2622 anastomosibus
902 2595 1039 2634 parum
1061 2582 1283 2622 infuscatis.
1336 2581 1547 2620 Abdomen
1570 2579 2007 2631 conice—cylindricum

155 2654 479 2704 teretiusculum,
511 2654 598 2693 basi
629 2659 778 2695 tantum
811 2669 931 2708 supra
962 2656 1222 2708 depressum,
1254 2653 1394 2693 subtus
1426 2658 1674 2702 excavatum,
1707 2664 1826 2704 supra
1850 2653 2007 2705 nigrum

156 2738 341 2777 opacum,
372 2726 726 2768 flavo-fasciatum.
788 2729 1047 2782 Segmentum
1078 2729 1246 2781 primum
1280 2739 1368 2766 cum
1400 2737 1476 2764 una
1508 2725 1631 2764 fascia
1670 2726 1821 2776 postica
1853 2725 2006 2777 margi-

157 2800 256 2845 nali;
298 2800 455 2851 reliqua
488 2805 694 2852 segmenta
726 2813 813 2840 cum
850 2801 985 2841 fasciis
1017 2800 1262 2852 duplicibus,
1302 2811 1467 2850 quarum
1500 2799 1725 2837 anteriores
1757 2802 1865 2837 retro
1898 2809 2008 2836 mar-

157 2875 290 2926 ginei'n
322 2873 563 2912 anteriorem
596 2874 694 2912 sitae
728 2878 836 2919 sunt,
877 2876 1127 2926 posteriores
1159 2884 1256 2910 vero
1290 2872 1426 2910 stricte
1460 2871 1628 2922 margini
1660 2871 1747 2921 ipso
1779 2871 2006 2922 impositae:

157 2946 304 2996 prima,
335 2946 449 2984 tertia
482 2950 520 2984 ct
542 2947 676 2997 quinta
700 2946 868 2997 reliquis
891 2947 1170 2999 angustiores,
1202 2945 1396 2993 lincares,
1429 2943 1626 2993 secunda,
1658 2948 1798 2995 quarta
1831 2948 2007 2982 etsexta

161 3018 311 3068 post-icc
345 3018 560 3069 quidquam
589 3019 754 3058 latiores
787 3024 896 3067 sunt,
927 3019 997 3059 scd
1032 3031 1107 3057 non
1140 3019 1178 3056 in
1202 3017 1382 3068 margine
1405 3015 1582 3065 reflexo,
1613 3016 1680 3055 ubi
1704 3017 1834 3068 potius
1856 3016 2007 3056 liberae

161 3089 355 3129 dicendae
387 3094 426 3128 et
456 3095 602 3130 tantum
636 3093 672 3130 in
706 3097 844 3131 ventre
878 3106 965 3132 cum
997 3092 1075 3130 illis
1108 3094 1314 3129 connatae.
1378 3089 1510 3141 Spatia
1550 3090 1663 3140 nigra
1705 3089 1807 3127 inter
1846 3089 2008 3129 fasciam

162 3161 379 3202 secundam
405 3166 440 3199 et
465 3164 639 3211 tertiam,
674 3169 851 3215 quartam
877 3170 916 3204 et
938 3165 1133 3214 quintam,
1170 3166 1321 3202 sextam
1345 3167 1379 3201 et
1405 3162 1631 3213 septimam,
1664 3161 1831 3212 reliquis
1856 3161 2007 3201 latiora.
