2259 3506
351 308 453 346 vior.
508 306 788 346 Antennarum
821 303 1016 343 articulus
1041 300 1247 340 secundus
1272 300 1392 338 tertio
1415 299 1534 351 paulo
1558 299 1722 353 longior
1743 305 1810 339 aut.
1833 300 1902 339 1110
1926 300 2123 351 aequalis.

351 379 517 419 Lamina
562 376 789 429 praestcrni
830 374 952 413 nulla.
1028 374 1247 412 Pronotum
1291 372 1417 411 breve
1462 372 1760 423 trapezofflale,
1820 377 2122 411 transversum:

351 452 490 505 anguli
521 449 756 490 humei-ales
785 459 909 499 saepe
942 445 1197 485 auriculatim
1228 445 1422 497 porrecti.
1478 444 1702 485 Scutellum
1732 457 1920 498 magnum
1944 445 2123 496 parabo—

349 524 486 564 licum.
517 547 569 551 -
603 522 772 573 Species
812 531 963 571 parvae
1006 532 1059 558 cx
1099 522 1214 570 parte
1255 517 1394 557 habitu
1431 516 1796 573 Trigoriosomatis
1828 517 2024 557 subdivis.
2051 516 2124 559 3²¹⁸.

352 596 510 648 Corpus
541 594 749 647 glabrum,
782 592 1060 631 abbreviatum
1092 604 1128 630 v.
1161 590 1420 631 rotundatum
1453 590 1503 629 ad
1533 589 1707 643 angulos
1739 589 1971 629 humerales
2001 602 2123 641 saepe

351 669 538 708 distincte
570 666 712 714 latius,
751 665 968 705 abdomine
1008 675 1152 703 crasso
1190 663 1474 715 immarginato
1509 663 1651 702 subtus
1683 674 1872 702 convexo
1905 663 1943 701 in
1975 663 2125 702 ambitu

350 738 739 780 subsemicirculari.
792 738 917 778 Color
947 738 1135 789 corporis
1168 747 1291 788 supra
1323 735 1472 787 pallide
1496 735 1636 776 fuscus
1659 736 1972 789 v.g1·isescens,
2001 747 2124 787 saepe

350 815 389 852 in
420 816 562 852 ventre
604 815 644 850 et
674 810 818 850 saltem
859 811 899 850 in
931 811 1062 863 capite
1103 814 1143 849 et
1181 813 1295 860 parte
1333 809 1465 848 antica
1496 809 1659 860 pronoti
1692 820 1846 861 cupreo
1879 808 1976 847 licet
2005 808 2125 847 viridi

349 884 551 925 metallice
582 885 729 924 nitens.
790 881 947 923 Gobc'sa
978 883 1097 935 Amy.
1120 882 1209 922 Ent.
1232 882 1296 921 Fr.
1321 880 1387 921 77.
1412 879 1478 922 60.

440 985 638 1038 Synopsis
671 984 923 1036 specierum:

292 1092 330 1116 (ι.
378 1074 547 1117 Scutelli
578 1073 670 1114 calli
701 1073 901 1113 hasilares
934 1073 1055 1122 nulli,
1097 1073 1253 1112 macula
1287 1070 1607 1112 semicircularis
1640 1083 1793 1123 cupreo
1827 1072 1981 1119 nitens,
2022 1082 2126 1122 apex

378 1148 576 1189 concolor
616 1177 624 1185 .
686 1177 694 1185 .
757 1176 765 1185 .
829 1175 1542 1186 ...........
1604 1141 2023 1198 ΡΛΠΘΖαηοσθρὴαῖα.
2056 1142 2123 1184 43.

293 1232 328 1273 b.
378 1232 546 1274 Scutelli
578 1230 669 1270 calli
702 1230 903 1270 basilarcs
936 1229 1037 1279 duo,
1071 1229 1228 1268 macula
1262 1228 1585 1269 semicircularis
1618 1240 1661 1273 03
1694 1241 1799 1280 apex
1831 1227 2049 1267 concolor:

1567 1302 1611 1339 P.
1624 1299 1795 1355 perlata
1818 1300 1935 1340 Fabr.
1957 1299 2024 1340 44.

1566 1374 1611 1412 P.
1634 1371 1816 1414 hinolala
1839 1373 1967 1413 Halm.
1995 1373 2062 1414 44.
2085 1374 2123 1414 5.

439 1450 466 1476 ³⁶
499 1450 615 1490 color
647 1449 835 1501 corporis
869 1459 990 1499 supra
1022 1447 1297 1487 rubicundus:
1331 1477 1338 1486 .
1402 1478 1409 1485 .
1473 1449 1516 1485 Ι).
1529 1446 1691 1503 pusilla
1714 1447 1832 1487 Hcrr.
1852 1446 1974 1486 Schff.
1997 1445 2064 1487 44.
2087 1445 2124 1487 6.

437 1345 463 1371 ³³
495 1344 611 1384 color
642 1342 830 1395 corporIs
864 1353 986 1393 supra
1018 1341 1183 1393 griseus
1207 1345 1275 1380 aut
1296 1342 1519 1381 obscurus:

236 1582 302 1625 113.
352 1582 427 1626 P·
456 1579 971 1634 melanocephala
1003 1580 1184 1632 (Fab1·.);
1225 1581 1386 1622 fusculo
1418 1595 1455 1621 v.
1488 1581 1925 1634 griseo—flavescens3
1964 1582 2124 1635 angulis

350 1658 513 1710 pronoti
545 1655 823 1696 humeralibus
855 1655 1083 1694 rotundatis
1116 1666 1195 1694 non
1227 1654 1488 1706 prominulis;
1521 1655 1673 1707 capite,
1704 1656 1866 1707 pronoti
1896 1655 2017 1694 antici
2035 1668 2125 1694 ma-

350 1730 452 1770 culis
485 1729 664 1778 duabus,
708 1727 965 1779 scutelloquc
1004 1728 1094 1767 basi
1134 1728 1292 1767 macula
1325 1740 1402 1766 una
1436 1739 1582 1780 magna
1615 1728 1932 1777 semion-culmi,
1971 1740 2124 1781 cupreo

349 1807 418 1843 aut
446 1801 567 1841 viridi
599 1801 802 1841 metallice
834 1801 1070 1839 nitentibus.
1132 1800 1260 1853 Long.
1292 1798 1368 1853 2},
1400 1800 1554 1839 latitud.
1591 1800 1638 1853 13
1662 1799 1730 1839 lin.

327 1892 446 1927 Cimeoe
470 1890 766 1933 melanocephalus
792 1889 891 1922 Fabr.
910 1889 985 1922 Ent.
1007 1889 1094 1932 Syst.
1114 1889 1168 1922 IV.
1190 1887 1263 1922 125.
1282 1887 1356 1922 176.
1384 1888 1507 1922 Villers
1525 1889 1601 1921 Ent.
1622 1888 1716 1922 Linn.
1734 1888 1811 1921 504.
1831 1888 1883 1921 74.
1911 1888 2010 1921 Wolf.
2031 1889 2123 1921 leon.

373 1953 456 1986 Cim.
475 1951 551 1986 139.
570 1950 645 1985 134.
664 1952 746 1984 Tab.
760 1951 845 1984 XIV.
865 1952 920 1995 fig.
939 1949 1015 1984 134.
1029 1963 1058 1984 a.
1076 1952 1108 1985 b.
1157 1951 1259 1984 Panz.
1288 1950 1394 1984 Faun.
1412 1961 1518 1995 germ.
1537 1950 1590 1984 26.
1608 1950 1663 1984 24.
1712 1951 1847 1984 Donov.
1875 1951 1953 1984 Brit.
1973 1952 2034 1983 ins.
2054 1951 2125 1983 ΧΠ.

369 2014 423 2049 99.
441 2014 523 2047 Tab.
540 2013 603 2047 431
625 2013 921 2057 (splendidissima
932 2013 972 2056 J).

325 2079 464 2121 Cydnus
488 2077 786 2120 melanoceplealus
812 2076 911 2109 Fabr.
932 2076 1018 2118 Syst.
1039 2075 1171 2119 Rhyng.
1193 2074 1267 2108 187.
1288 2074 1341 2108 14.

326 2140 527 2172 Pentatoma
550 2138 830 2183 melanocepltala
859 2137 944 2170 Lair.
965 2138 1046 2170 Hist.
1066 2144 1133 2170 nat.
1151 2138 1222 2170 Xll.
1245 2136 1320 2170 194.
1341 2135 1395 2170 34.
1445 2136 1530 2169 Boit.
1552 2148 1641 2170 man.
1660 2148 1734 2170 ene.
1753 2136 1807 2170 55.

324 2201 535 2233 Eusarcorts
560 2201 857 2244 melanocephalus
884 2200 992 2232 Halm.
1017 2200 1135 2232 Wanz.
1154 2200 1194 2233 ll.
1214 2198 1289 2232 130.
1308 2198 1390 2231 Tab.
1406 2197 1502 2230 LXX.
1523 2197 1672 2242 fig.211.
1700 2199 1799 2240 (cum
1826 2199 2024 2231 rudimentis
2049 2198 2123 2232 cal-

370 2262 480 2294 lorum
507 2261 704 2295 basilarium
730 2262 863 2294 scutelli
889 2262 1154 2303 albescentium,
1180 2262 1287 2293 forma
1314 2262 1443 2301 minor.
1469 2261 1588 2293 colore
1613 2260 1782 2293 metallico
1810 2259 1954 2303 viridi!).

324 2324 625 2367 Melanoceplcalns
650 2324 746 2365 Amy.
765 2324 840 2356 Ent.
859 2324 911 2356 Fr.
932 2323 984 2356 75.
1004 2323 1057 2356 57.

346 2403 505 2443 Habitat
534 2403 574 2442 in
607 2402 735 2454 sylvis
768 2401 977 2442 frondosis
1009 2402 1246 2441 Lithuaniae
1281 2413 1406 2453 super
1435 2401 1571 2440 varias
1602 2400 1759 2453 plantas
1791 2401 1961 2442 labiatas
1994 2415 2121 2453 prae-2

233 2476 371 2517 sertim
404 2479 538 2515 autem
570 2475 683 2515 initio
716 2475 882 2515 aestatis
915 2475 955 2514 in
988 2473 1191 2526 Stachyde
1224 2474 1420 2526 sylvatica
1453 2473 1665 2525 frequens.

345 2559 516 2612 Species
547 2564 742 2609 venusta,
784 2560 828 2598 P.
855 2557 1021 2613 perlata
1059 2558 1181 2610 paulo
1214 2559 1347 2611 major
1378 2563 1418 2598 et
1448 2570 1546 2597 vere
1578 2558 1785 2597 distincta:
1839 2557 1914 2616 1⁰.
1947 2571 2122 2612 corpore

232 2632 282 2672 ad
312 2632 506 2672 humeros
546 2644 627 2671 non
668 2632 855 2682 dilatato,
895 2635 1062 2684 propter
1100 2631 1275 2684 angulos
1314 2631 1549 2670 humerales
1589 2630 1830 2671 rotundatos
1869 2632 2121 2672 latitudinem

232 2705 382 2745 baseos
413 2704 641 2744 abdominis
670 2716 752 2744 non
783 2705 1055 2752 excedentes;
1115 2702 1181 2744 2⁰.
1215 2716 1361 2757 magna
1390 2703 1549 2744 macula
1586 2705 1897 2755 cupreo—nitida
1929 2707 2121 2746 semicir-

233 2777 361 2817 culari
392 2777 433 2816 in
464 2777 637 2817 scutello
670 2782 710 2817 et
741 2777 898 2818 duabus
931 2776 1131 2817 similibus
1163 2776 1203 2815 in
1233 2781 1409 2829 pronoto
1439 2777 1594 2826 antico,
1635 2789 1726 2817 cum
1759 2778 1889 2830 capite
1921 2778 2124 2819 metallice

234 2849 581 2890 corruscantibus.

346 2921 504 2974 Corpus
536 2922 853 2976 glaberrimum,
897 2921 1088 2972 nitidum,
1130 2922 1258 2962 dense
1297 2922 1582 2975 irregulariter
1621 2922 1825 2974 impresso
1865 2927 2122 2973 punctatum:

236 3007 357 3045 supra
396 2995 433 3034 111
475 2999 648 3047 pronoto
688 2999 727 3034 et
768 2995 941 3035 scutello
981 2996 1163 3047 postico,
1201 3007 1278 3034 nec
1317 3006 1396 3034 non
1435 2996 1474 3034 in
1513 2994 1851 3046 hemielytrorum
1896 2996 2011 3034 corio
2053 2996 2120 3035 ubi

235 3066 350 3106 color
381 3066 567 3107 fusculus
599 3071 665 3106 aut
696 3068 1120 3121 griseo-flavescens,
1153 3072 1301 3121 puncta
1332 3067 1435 3107 haec
1468 3068 1584 3120 nigra
1615 3071 1821 3118 apparent.

348 3139 474 3191 Caput
496 3140 676 3194 oblongo
701 3140 1057 3196 quadrangulare,
1085 3142 1378 3198 marginalium,
1411 3154 1616 3188 cernuum,
1650 3140 1783 3180 antice
1806 3141 2122 3195 emarginalum.
