2259 3506
1004 196 1075 200 —-
1158 182 1250 214 ΧΠ
1330 194 1401 199 —-

380 308 640 346 lncrescento
671 305 708 342 in
734 303 820 341 dies
852 306 972 351 atque
996 298 1422 338 Perslz‹2fesicznci112
1454 299 1737 338 collectionem
1769 299 1855 339 fere
1878 300 2131 350 adaequante

270 381 515 418 insectorum
548 376 702 415 musaei
736 373 813 412 mei
849 383 1039 418 numero,
1079 383 1201 421 quum
1234 370 1374 409 eadem
1416 382 1505 409 cum
1539 371 1610 419 iis,
1655 383 1759 422 quae
1790 369 2133 410 Pertlze'csius

271 451 434 502 scriptis
466 450 694 493 notaverat,
734 442 1045 491 contenderem,
1087 443 1124 480 in
1158 441 1245 480 dies
1278 442 1406 493 inagis
1438 442 1652 494 magisque
1683 442 1895 481 haeseram
1927 442 1966 480 in
1998 441 2135 479 nomi-

271 534 362 561 num
405 520 656 572 quorundam
688 527 763 555 usu
797 518 836 552 et
866 514 1043 563 ratione,
1084 513 1131 553 ad
1165 525 1262 552 vera
1301 525 1348 552 ac
1380 514 1462 565 jam
1503 526 1523 552 a
1563 513 1693 552 doctis
1729 514 1828 552 viris
1869 514 2021 552 sancita
2061 523 2134 550 re-

271 593 475 632 vocandis.
536 591 647 628 Licet
684 587 789 625 enim
821 585 1129 625 l’ertlie'esio
1171 585 1291 624 multa
1334 586 1372 623 in
1412 584 1654 624 delineando
1695 585 1885 633 Musaeo,
1925 595 2005 635 quo
2047 583 2133 634 ipse

269 664 487 715 gaudebat,
528 660 574 699 ad
613 661 828 710 praccepta
868 656 960 695 libri
1000 655 1303 695 Fabriciani
1337 661 1450 695 recte
1491 656 1688 708 appellata
1728 656 1898 704 fuerint,
1938 655 2134 707 quaedam

270 741 440 774 attamen
472 732 601 771 adbuc
632 729 737 768 baud
769 727 966 767 illustrata
998 741 1044 767 ac
1076 740 1221 779 presse
1260 728 1422 766 definita
1458 732 1714 775 manserunt,
1754 728 1973 778 praecipue
2006 731 2137 765 autem

271 818 373 857 quae
415 809 508 843 tunc
546 802 716 853 primum
748 798 1058 840 Pcrtlie'esio
1098 801 1383 847 innotuerunt,
1430 799 1622 838 nonnulla
1662 800 1778 839 etiam
1820 800 1871 838 ita
1911 798 1959 838 ab
1992 797 2137 836 eodem

270 881 424 923 notata,
455 880 498 914 ut
529 874 639 912 dubii
671 872 821 924 aliquid
855 873 964 910 circa
996 883 1137 911 eorum
1160 883 1257 910 vera
1288 870 1449 909 nomina
1482 870 1761 919 suboriretur,
1793 870 1896 909 adeo
1928 874 1971 909 ut
1993 869 2135 909 eadem

269 961 359 987 cum
390 959 435 986 re
467 947 574 997 ipsa,
606 944 888 984 collectionem
914 942 1341 982 Pertlzcssesianam
1371 946 1485 992 puta,
1517 942 1757 981 conferendi
1780 942 2009 980 necessitas
2042 941 2137 979 milii

270 1024 381 1060 esset
411 1020 515 1058 votis
547 1017 707 1057 nonnisi
739 1015 1052 1067 prosequenda,
1093 1014 1260 1053 Musaeo
1291 1011 1677 1052 Perthe‘esiano
1709 1017 1804 1052 tunc
1836 1014 2028 1064 temporis
2054 1014 2136 1065 jam

270 1105 347 1132 una
380 1103 467 1129 cum
501 1090 611 1135 aliis,
643 1100 747 1139 quae
780 1087 1037 1126 Universitati
1068 1085 1250 1125 Vilnensi
1285 1084 1466 1124 subsidia
1497 1084 1683 1134 aderant,
1716 1086 1798 1137 jam
1830 1086 2025 1136 Kij0viam
2059 1085 2136 1124 de-

270 1164 363 1202 lato.
416 1162 503 1208 Quo
537 1161 708 1199 maxime
741 1159 887 1198 factum
920 1163 1001 1207 est,
1032 1162 1074 1197 ut
1105 1157 1248 1206 multa,
1280 1168 1330 1196 ne
1367 1156 1496 1195 dicam
1530 1169 1648 1208 quam
1680 1157 1850 1208 plurima
1874 1158 2137 1206 insectorum,

272 1247 376 1287 (piae
409 1232 502 1271 mihi
535 1232 609 1282 ipsi
641 1232 798 1270 obviam
832 1230 934 1269 facta
967 1234 1078 1278 sunt,
1118 1229 1430 1280 appellationum
1462 1232 1654 1279 respectu
1686 1229 1734 1268 ad
1774 1230 1890 1281 signa
1921 1229 1971 1268 iis
2005 1228 2138 1267 debita

272 1304 490 1346 revocandi
522 1307 700 1354 potestas
734 1302 828 1341 milii
858 1313 1028 1353 prorsus
1061 1301 1239 1339 deesset.
1299 1300 1535 1339 Accedebat
1575 1301 1694 1339 etiam
1726 1301 1774 1340 ad
1807 1301 1908 1340 haec
1939 1301 2015 1339 rite
2048 1300 2137 1340 sol-

271 1377 400 1416 venda
431 1376 627 1414 librorum
671 1374 719 1413 de
758 1386 803 1412 re
843 1373 1143 1425 entomologica
1182 1372 1374 1423 penuria,
1418 1384 1506 1410 nam
1547 1371 1609 1411 his
1647 1373 1810 1413 omnino
1843 1372 2030 1412 carebam
2063 1383 2137 1423 pro

272 1450 331 1488 rei
363 1450 564 1486 momento
596 1450 635 1484 et
665 1446 887 1498 gravitate,
928 1457 1007 1496 qua
1039 1456 1145 1483 nunc
1177 1449 1216 1483 et
1247 1443 1342 1482 olim
1381 1443 1523 1482 eadem
1555 1456 1576 1483 a
1608 1445 1705 1483 viris
1739 1445 1892 1496 doctis,
1936 1444 2044 1483 nulla
2075 1443 2140 1482 la-

272 1520 404 1565 boris,
444 1517 693 1566 tabularum,
733 1517 964 1569 splendoris
1004 1528 1078 1554 nec
1111 1528 1190 1555 non
1230 1516 1436 1566 impensae
1469 1516 1648 1564 ratione,
1688 1520 1950 1566 pertractata,
1988 1516 2140 1567 passim

274 1593 360 1631 sere
393 1590 499 1630 omni
532 1601 701 1628 numero
733 1590 770 1628 in
801 1589 973 1642 singulis
1005 1588 1193 1639 Europae
1230 1587 1361 1639 plagis
1393 1586 1579 1626 absoluta
1607 1588 1790 1627 habetur.
1852 1587 1922 1626 His
1955 1587 2141 1626 omnibus

274 1668 404 1702 autem
438 1661 597 1699 minime
634 1673 695 1698 me
728 1660 892 1711 infringi
924 1660 990 1699 vel
1023 1661 1196 1698 animum
1229 1659 1436 1709 deponere
1475 1670 1622 1709 passus
1656 1672 1765 1709 sum,
1805 1661 1902 1711 quin
1932 1659 1972 1697 in
2004 1670 2141 1707 arena,

277 1747 395 1786 quam
428 1733 517 1780 inii,
556 1733 743 1771 immotus
776 1737 945 1780 starem,
987 1743 1238 1782 musaeoque
1270 1742 1361 1768 ineo
1396 1731 1585 1782 augendo
1616 1743 1690 1781 pro
1722 1731 1876 1770 viribus
1909 1731 2017 1769 omni
2048 1732 2141 1770 nisu

276 1804 577 1845 contemlerem,
638 1803 680 1842 ln
722 1816 799 1855 qua
841 1816 885 1842 re
924 1803 1047 1842 multo
1089 1803 1217 1854 magis
1258 1802 1418 1854 adjutus
1464 1807 1504 1841 et
1542 1802 1713 1842 edoctus
1753 1815 1839 1842 sum
1879 1803 2141 1851 insectorum,

278 1890 381 1929 quae
415 1876 509 1914 milii
540 1880 829 1925 occurrerunt,
872 1874 999 1914 forma
1031 1879 1069 1913 et
1102 1874 1259 1922 habitu,
1300 1886 1417 1925 sulam
1452 1875 1581 1913 cassis
1615 1874 1842 1913 nominibus
1874 1875 1914 1913 in
1945 1875 2140 1913 librorum

277 1948 470 2000 congerie
503 1946 550 1985 ad
584 1948 680 1985 artis
712 1947 847 1999 legem
881 1946 1130 1999 consignatis
1162 1945 1227 1984 vel
1259 1945 1331 1994 iis,
1365 1958 1469 1997 quae
1502 1947 1541 1984 in
1572 1946 1739 1985 Musaeo
1772 1946 2018 1985 Academico
2050 1946 2141 1984 Vil-

277 2020 414 2068 nensi,
447 2018 494 2057 ad
526 2018 674 2057 nullam
708 2023 858 2058 certam
890 2018 1073 2070 regulam
1106 2017 1241 2056 habito
1273 2017 1337 2055 vel
1368 2029 1535 2056 normae
1567 2030 1613 2057 ac
1637 2018 1718 2070 legi
1742 2018 1899 2057 cuidam
1931 2018 2140 2067 adstrictO,

278 2092 370 2130 olim
405 2090 703 2130 adnotaveram.

390 2162 494 2201 Anni
531 2161 627 2203 1841
666 2162 844 2201 decursu
871 2161 1012 2213 juveni
1044 2162 1202 2200 cuidam
1243 2166 1405 2201 exteras
1447 2166 1578 2202 terras
1619 2161 1820 2200 invisendi
1852 2163 1981 2214 gratia
2012 2162 2139 2213 profi-

281 2235 451 2274 ciscenti
484 2234 621 2272 socius
653 2233 834 2282 additus,
865 2237 1055 2283 quantum
1080 2234 1241 2285 quidem
1275 2234 1388 2273 licuit
1418 2246 1492 2285 per
1520 2233 1792 2273 valetudinem
1824 2246 1871 2272 ac
1893 2246 1961 2282 ea,
1994 2234 2140 2284 quibus

281 2305 493 2357 impeditus
525 2317 655 2353 eram,
687 2316 759 2355 pro
793 2304 945 2343 viribus
978 2305 1017 2343 in
1048 2317 1134 2344 rem
1166 2318 1292 2344 meam
1327 2305 1508 2345 delibare
1541 2305 1675 2345 studii.
1734 2305 1815 2344 Iter
1845 2305 1999 2345 faciens
2022 2306 2140 2357 Kij0-

282 2379 369 2417 viae
410 2376 563 2427 aliquot
603 2375 690 2415 dies
731 2380 1024 2425 commoratus,
1066 2389 1170 2428 quae
1210 2378 1458 2416 insectorum
1490 2376 1829 2416 Pertlie'esius
1870 2390 1917 2417 ac
1946 2377 2143 2417 Besser

282 2450 492 2502 legerant,
529 2452 695 2498 propter
733 2448 1016 2499 impedimenta
1056 2448 1202 2488 localia
1243 2453 1337 2488 tunc
1376 2450 1568 2500 temporis
1609 2450 1676 2487 vix
1715 2449 1880 2500 carptim
1921 2449 2142 2502 attingendi

279 2526 457 2572 potestas
489 2519 582 2558 mihi
606 2519 698 2562 fuit;
730 2519 878 2558 ibidem
910 2520 954 2558 D.
975 2519 1257 2566 Hocliliuli,
1290 2521 1572 2560 Universitatis
1604 2520 1818 2570 hortulani,
1851 2521 1994 2560 studiis
2018 2526 2139 2559 ento-

282 2592 495 2644 mologicis
527 2591 705 2641 apprime
738 2591 882 2639 dediti,
915 2591 1197 2630 collectionem
1230 2603 1302 2643 pro
1335 2603 1405 2641 eo,
1438 2604 1517 2643 quo
1540 2593 1639 2631 nitet
1676 2592 1953 2643 dispositionis
1985 2592 2141 2642 ordine,

284 2663 570 2714 inspiciendam
602 2663 760 2703 curavi:
792 2662 1056 2701 vindobonae
1088 2663 1243 2702 Musaei
1273 2663 1519 2714 imperialis,
1552 2664 1834 2703 benevolentia
1866 2675 1912 2702 ac
1944 2663 2141 2715 singulari

283 2735 527 2786 benignitate
559 2734 823 2773 illustrissimi
856 2734 1165 2786 doctissimique
1196 2734 1347 2773 Kella
1362 2736 1422 2783 ri,
1455 2737 1626 2775 sectioni
1658 2734 1982 2787 entonlologicae
2014 2747 2139 2785 prae-

283 2806 425 2857 positi,
465 2805 572 2843 aditu
611 2805 703 2844 milii
741 2810 920 2856 patente,
959 2806 1207 2845 insectorum
1241 2806 1413 2846 familias
1452 2807 1683 2846 innumeras
1723 2806 1920 2845 concinne
1953 2818 1999 2844 ac
2040 2806 2139 2846 mira

284 2881 368 2915 arte
400 2876 615 2925 dispositas
647 2876 865 2917 admiratus
896 2889 1004 2925 sum;
1036 2877 1264 2917 Florentiae
1295 2879 1335 2917 in
1366 2878 1610 2929 amplissima
1642 2878 1774 2930 Magni
1805 2877 1929 2915 Ducis
1951 2876 2139 2916 Etruriae

284 2946 532 2986 Bibliotheca
570 2946 696 2986 libros
735 2949 1089 2998 splendidissimos
1129 2950 1237 2989 circa
1280 2949 1579 3002 entomologica
1619 2949 1749 2988 studia
1770 2947 2048 2999 perlustravi,
2094 2961 2141 2988 ac

285 3029 364 3056 uno
395 3019 462 3056 vix
493 3018 644 3057 mensis
675 3020 824 3069 spatio,
861 3032 941 3071 quo
981 3020 1075 3058 mihi
1114 3021 1187 3059 hac
1228 3021 1266 3059 in
1297 3021 1502 3060 Musarum
1541 3021 1640 3061 sede
1679 3020 1921 3058 commorari
1960 3020 2141 3072 contigit,

286 3088 407 3127 multo
439 3088 676 3139 ampliores,
710 3102 827 3141 quam
858 3103 1052 3130 annorum
1085 3091 1349 3142 complurium
1381 3093 1557 3132 tirocinii
1597 3092 1672 3131 mei
1703 3091 1992 3143 entomologici
2023 3092 2138 3142 lapsu
