2259 3506
858 177 1221 229 -11-

121 315 351 354 exterior
381 319 420 354 et
449 315 664 368 angulus
696 316 915 355 interior
943 316 1198 355 membranae
1230 316 1427 369 contigui,
1458 315 1602 368 quibus
1634 319 1785 357 corium
1807 319 1959 370 aliquot

120 387 255 426 nervis
292 385 646 440 longitudinalibus
688 387 945 437 instructum,
991 392 1030 427 et
1074 389 1111 428 in
1155 400 1296 428 areas
1330 387 1738 440 longitudinales
1776 391 1957 437 divisum,

118 460 317 499 limitat-ur.
389 458 560 497 Interior
596 472 688 511 pars
727 461 827 499 corii
865 460 1035 500 scutello
1074 462 1254 511 proxima
1293 465 1332 499 et
1369 473 1389 499 a
1429 460 1597 513 reliquis
1635 462 1738 513 plica
1775 476 1810 502 v.
1843 464 1956 503 sulco

118 536 300 583 separata
338 531 377 570 in
406 529 691 571 Pentatomale
727 536 766 572 et
801 530 1102 571 Astemmilc'hus
1140 533 1650 586 elongato—triangularis,
1690 536 1729 574 in
1767 535 1956 591 Lygaeo,

117 602 369 659 Pacliymero
400 603 571 655 aliisque
602 603 913 655 trapeziforinis,
941 604 1042 643 clavi
1072 605 1231 644 nomine
1262 618 1282 644 a
1304 605 1539 661 Schillingio
1565 608 1646 659 jam
1677 609 1885 662 insignita,
1916 609 1955 647 in

116 677 205 716 vivo
240 677 395 716 insecto
433 676 590 715 mobilis
629 680 802 728 apparet.
866 676 908 715 In
939 676 1180 729 tegminibus
1217 681 1257 715 et
1287 679 1450 730 sagenis
1489 679 1631 718 clavus
1669 692 1790 732 saepe
1822 681 1957 720 deficit

115 761 151 787 v.
174 761 208 787 c.
246 749 286 787 in
319 747 429 788 Velia
469 751 509 786 et
535 746 834 803 Hydrometra,
879 748 943 787 vel
982 749 1131 789 areolis
1169 749 1330 800 proprio
1368 749 1458 789 loco
1496 758 1833 802 repraesentatur.
1914 754 1954 793 ln

114 817 413 860 Astemmitibus
443 820 624 871 pluribus
655 826 815 871 praeter
851 833 967 860 areas
1000 822 1100 860 corii
1131 821 1332 861 normales
1371 824 1679 875 (marginalem,
1719 827 1886 866 mediam
1918 832 1957 866 et

114 892 346 941 lateralem)
392 897 554 944 praeter
597 892 751 932 clavum
796 898 836 932 et
878 894 1169 943 membranam,
1219 894 1458 933 observatur
1502 896 1666 947 insuper
1710 899 1955 949 appendix

113 962 421 1020 (Schilling)
459 978 494 1004 v.
530 977 646 1004 area
683 965 867 1017 apicalis,
906 966 1159 1006 membranae
1200 971 1239 1005 et
1277 967 1388 1005 corio
1425 968 1657 1020 interposita
1697 972 1954 1024 triangularis

113 1050 223 1089 pars,
255 1050 358 1089 quae
389 1038 542 1088 apicem
572 1037 900 1089 hemielytroruni
932 1039 1119 1078 mobilem
1151 1043 1189 1078 et
1220 1039 1431 1079 refractam
1462 1041 1606 1080 reddit.

222 1109 339 1161 Apud
368 1110 667 1162 Hydrocorisas
698 1110 872 1160 (Corixa
903 1115 943 1150 et
965 1110 1214 1161 Naucoride)
1243 1112 1282 1151 in
1312 1112 1397 1151 basi
1427 1125 1546 1152 areae
1578 1114 1808 1167 marginalis
1840 1118 1954 1161 corii,

113 1183 312 1234 reperitur
355 1194 448 1234 pars
495 1183 715 1222 incrassata
754 1182 1088 1235 quadrangularis
1127 1183 1279 1224 formae
1325 1183 1575 1235 (Embolima
1610 1186 1800 1238 Fieber),
1851 1202 1952 1241 quae

113 1254 346 1294 claudendis
376 1254 625 1306 hemielytris
655 1256 834 1295 inservit.

216 1326 497 1366 Membrana
543 1326 870 1380 heinielytrorum
915 1328 1019 1380 apud
1063 1328 1328 1380 Heteroptera
1372 1330 1615 1381 perfectiora
1656 1334 1808 1384 apicem
1854 1337 1952 1374 corii

110 1400 314 1452 obliquum
344 1400 547 1449 terminat,
578 1401 796 1453 nervisque
827 1401 1183 1454 longitudinalibus
1205 1414 1397 1453 percursa
1420 1407 1481 1443 est
1491 1417 1500 1452 3
1532 1408 1569 1443 at
1595 1405 1634 1444 in
1654 1404 1953 1447 Astenzmitibus

110 1473 255 1513 desunt
284 1473 398 1512 nervi
428 1472 762 1525 longitudinales,
799 1474 872 1513 sed
910 1474 1055 1513 adsunt
1091 1474 1156 1513 alii
1196 1474 1274 1514 duo
1307 1476 1374 1527 qui
1407 1476 1454 1515 ab
1487 1477 1636 1530 angulo
1667 1478 1823 1518 interno
1852 1480 1952 1519 corii

109 1546 241 1585 subito
271 1545 407 1585 inflexi
438 1549 503 1584 aut
532 1545 697 1585 refracti
728 1547 767 1585 in
803 1546 889 1586 basi
920 1547 1173 1586 membranae
1205 1547 1389 1587 cellulam
1421 1549 1728 1601 sesquialteram
1758 1550 1949 1600 formant:

109 1620 147 1658 in
178 1616 425 1674 Xylocoride
452 1630 573 1670 parva
603 1618 832 1658 membrana
860 1620 1119 1673 triangularis
1150 1621 1252 1671 apici
1283 1621 1383 1660 corii
1414 1621 1553 1660 exciso
1585 1622 1830 1674 interposita.

217 1690 414 1730 Nonnulla
454 1696 663 1742 praetcrea
701 1692 876 1744 genuina
912 1691 1200 1743 Heteroptera,
1240 1693 1394 1732 corium
1432 1693 1762 1746 hemielytrorum
1800 1696 1950 1737 abbre-

108 1764 252 1802 viatum
290 1763 493 1813 habentia,
530 1768 761 1803 constanter
799 1765 873 1804 rite
912 1764 1069 1803 evoluta
1104 1765 1332 1804 membrana
1362 1766 1533 1816 privata,
1573 1768 1688 1819 quasi
1719 1768 1853 1809 larvae
1884 1775 1951 1810 aut

106 1849 233 1887 pupae
265 1848 425 1887 semper
455 1836 558 1888 apud
589 1847 663 1876 nos
694 1841 885 1888 apparent
912 1849 949 1876 v,
973 1849 1008 1878 c.
1029 1836 1301 1894 Pyrr-boemis
1322 1843 1486 1892 aptercz,
1519 1837 1950 1896 Pachymeruspielas

107 1913 146 1948 et
174 1907 520 1965 staphylz'noides,
550 1908 833 1949 ,Melastemma
858 1907 1042 1965 guttula,
1082 1909 1221 1950 Cimex
1250 1909 1504 1959 lectularius,
1535 1909 1744 1952 Hedam‘us
1769 1913 1946 1969 guttula,

106 1980 233 2021 Nabis
262 1979 483 2036 subaplera
514 1994 548 2021 e.
572 1994 603 2021 S.
627 1994 663 2033 p.

216 2054 464 2093 Postremum
494 2053 648 2092 Halticc'
674 2058 714 2093 et
745 2051 1011 2109 Chlamyclati
1036 2066 1194 2103 omnes,
1225 2053 1460 2110 fllia-repara
1472 2055 1741 2108 fossularum
1771 2063 1811 2098 et
1840 2071 1946 2099 non-

107 2127 204 2167 nulli
234 2124 519 2180 ophthalmia,
551 2136 630 2164 non
660 2131 807 2165 tantum
838 2126 1022 2178 vectigiis
1054 2126 1308 2166 membranae
1339 2127 1377 2166 in
1398 2126 1645 2181 hemielytris
1668 2130 1946 2182 destituantur,

106 2200 178 2240 sed
209 2204 248 2239 et
277 2198 350 2238 alis
381 2199 540 2237 omnino
572 2203 721 2239 carent.

215 2272 315 2312 Alae
342 2271 528 2323 propriae
555 2272 629 2311 sub
651 2270 898 2322 hemielytris
922 2270 1181 2322 complicatae
1204 2277 1269 2311 aut
1290 2271 1569 2322 absconditae,
1600 2273 1943 2328 longitudinaliter

105 2358 242 2398 parum
272 2356 491 2384 nervosae:
520 2356 646 2384 nervo
678 2343 819 2384 costali
850 2342 1023 2382 medium
1055 2348 1192 2383 costae
1223 2345 1439 2398 attingente
1470 2358 1558 2384 cuin
1588 2358 1712 2386 nervo
1734 2349 1944 2390 auxiliario

104 2430 237 2457 aream
269 2416 483 2470 oblongam
514 2416 730 2466 formante,
768 2429 870 2468 quae
902 2417 1038 2456 nervis
1080 2416 1237 2456 duobus
1269 2417 1457 2457 discretis
1497 2419 1650 2469 apicem
1681 2433 1824 2461 versus
1854 2426 1941 2461 ter—

105 2491 285 2530 minatur.
344 2490 559 2528 Praeterea
597 2489 664 2528 vix
702 2489 780 2528 nisi
820 2489 898 2529 duo
929 2489 1196 2528 observantur
1225 2490 1339 2529 nervi
1369 2490 1700 2543 longitudinales,
1739 2494 1940 2545 simplices

104 2562 205 2602 alter
235 2562 274 2601 in
304 2561 456 2612 medio,
488 2561 589 2601 alter
618 2561 667 2600 ad
698 2562 917 2615 marginem
947 2562 1192 2602 interiorem.

767 2686 829 2732 D.
898 2682 1275 2733 Abdomen.

214 2783 251 2825 §-
277 2778 337 2819 11.
386 2778 596 2819 Abdoinen
627 2778 981 2831 Heteropteroruin
1020 2779 1141 2833 vulgo
1174 2793 1196 2820 e
1228 2792 1301 2819 sex
1342 2781 1559 2833 segmentis
1598 2794 1632 2820 v.
1664 2782 1820 2822 annulis
1859 2786 1937 2833 (ex

105 2855 196 2889 octo
226 2851 265 2889 in
294 2849 644 2902 Astemmitibus)‚
681 2853 900 2902 coriaceis,
940 2853 1139 2892 continuis
1177 2864 1279 2903 quae
1321 2853 1470 2892 circum
1501 2854 1607 2893 circa
1638 2854 1686 2893 ad
1719 2856 1937 2908 marginem

104 2923 347 2962 exteriorem
377 2924 710 2964 commissura
742 2929 944 2975 notantur,
975 2938 1051 2965 nec
1081 2929 1210 2964 tamen
1232 2925 1358 2964 divisa
1380 2929 1490 2975 sunt,
1521 2930 1686 2966 constat.
1735 2926 1935 2980 Segmen—

104 2999 185 3033 tum
215 2996 419 3046 primum
448 2997 707 3046 ventrale,
745 3009 834 3037 cum
865 2998 1134 3037 metathorace
1165 2997 1370 3047 coalitum,
1413 3002 1529 3038 extus
1560 3010 1639 3038 non
1668 3000 1935 3051 conspicitur;

107 3067 382 3107 secundum
412 3070 521 3119 (cum
550 3069 678 3121 primo
709 3070 813 3109 ostio
844 3070 1133 3122 spiraculorum
1155 3068 1341 3120 ventrali)
1371 3070 1473 3122 apud
1494 3069 1797 3111 Pentalomates
1828 3084 1932 3112 non—

106 3139 235 3180 nullas
280 3144 319 3179 et
360 3140 400 3180 in
430 3139 834 3182 Acanthosomatibus
878 3143 918 3182 in
963 3142 1111 3193 spinam
1153 3141 1365 3182 basilarem
1403 3143 1505 3183 inter
1541 3143 1665 3195 pedes
1708 3148 1931 3195 porrectam

1611 3213 1665 3248 241·
