2259 3506
1011 209 1080 213 ——
1167 179 1263 228 lot<
1340 209 1409 213 ——

293 319 519 371 angustior,
550 317 792 365 obeonicus,
825 316 1298 365 convexo—rotuiulatus,
1330 320 1556 354 truncatus.
1591 315 1731 354 collari
1757 315 1962 367 obsole103
1993 322 2132 357 aeota-

292 391 382 430 bula
412 390 555 442 pedum
588 389 829 427 anteriorum
862 390 1051 435 maxima,
1090 393 1211 427 totum
1243 393 1520 439 praesternum
1554 387 1776 438 explentia,
1816 389 1854 425 in
1885 386 2001 425 lobes
2033 385 2133 424 duos

293 463 440 511 divisa,
486 473 653 513 quorum
699 460 875 512 anterior
920 461 1048 499 oculis
1094 461 1319 514 contiguus.
1392 460 1717 499 Mesothorax
1763 457 2135 511 subtrapezoidaliS,

292 535 541 587 prothoraeis
572 531 841 584 longitudine,
873 532 986 572 disco
1018 534 1170 584 postice
1203 535 1241 571 in
1273 532 1435 586 gibbum
1467 534 1671 581 conicum,
1712 532 2012 570 obtusissimum
2045 530 2135 568 ele-

291 613 425 655 vatus,
454 618 545 657 pars
577 606 664 657 ejus
694 605 846 655 postica
878 604 1068 652 declivis,
1100 595 1378 657 triangularis,
1411 618 1527 656 supra
1557 604 1868 643 metatlioracem
1891 604 2135 655 prominens.

293 679 449 720 scutelli
478 679 606 716 vicem
638 689 784 730 agens,
817 678 974 731 angulis
1008 681 1138 716 autem
1169 676 1422 725 lateralibus,
1454 677 1676 717 rudimenta
1698 677 1976 729 pergaminea,
2007 676 2136 714 trian-

293 753 467 806 gularia,
507 750 628 789 dorso
668 750 865 799 carinata,
908 749 1261 801 hemielytrorum,
1307 749 1456 788 inserta
1497 755 1605 800 sunt,
1649 750 1794 801 quibus
1833 749 2080 788 nietatliorax
2117 759 2137 786 a

294 827 416 865 latere
456 822 696 871 obvallatur,
741 823 895 873 apicem
936 826 1067 860 tamen
1106 822 1195 872 ejiis
1235 831 1315 859 non
1356 821 1568 861 excedunt.
1628 822 1946 861 Metathorax
1990 820 2138 865 brevis,

293 897 512 936 insertione
556 894 701 946 pedum
751 896 996 946 posticorum
1047 893 1257 932 indicatur.
1325 892 1536 932 Abdomen
1579 894 1910 946 pedunculatum,
1956 893 2137 932 clavato-

292 970 527 1024 globosum,
559 967 956 1015 octo-articulatum,
987 965 1238 1018 longitudine
1270 966 1411 1017 capitis
1442 966 1520 1004 una
1552 978 1639 1005 cum
1661 966 1826 1005 thorace
1850 967 2005 1017 sumpti.
2049 965 2138 1004 An-

292 1043 375 1083 nuli
405 1040 678 1081 abdominales
718 1053 739 1079 a
770 1040 895 1091 priori
926 1038 1122 1078 inclusive
1162 1038 1211 1078 ad
1254 1039 1432 1089 quintum
1471 1039 1657 1090 utrinque
1694 1051 1716 1078 a
1756 1039 1883 1077 latere
1924 1038 2027 1090 plica
2064 1038 2140 1076 lata

292 1115 517 1168 conjuncti,
548 1113 737 1152 deorsum
769 1111 818 1150 ad
850 1112 1029 1162 quintum
1060 1112 1098 1150 in
1129 1110 1336 1150 latitudine
1367 1111 1665 1160 increscentes,
1697 1123 1718 1149 a
1749 1115 1864 1150 sexto
1888 1111 2140 1151 decrescen-

292 1194 373 1238 tes,
413 1187 550 1227 ultimo
589 1185 731 1224 latiore
771 1184 913 1223 obtuse
955 1184 1118 1233 conice,
1163 1194 1338 1235 superne
1377 1180 1426 1222 ad
1456 1183 1645 1235 genitalia
1685 1184 1893 1223 condenda
1935 1188 2140 1226 excavato,

294 1262 434 1301 subtus
465 1270 669 1306 convexo,
708 1256 904 1307 pilosu103
944 1257 1058 1296 ostiis
1098 1255 1392 1307 spiraculorum
1430 1255 1665 1295 ventralium
1706 1257 1864 1295 minime
1903 1257 2139 1308 perspicuis.

290 1334 420 1374 Pedes
452 1332 529 1371 duo
562 1330 787 1369 anteriores
818 1341 839 1368 a
869 1328 1039 1380 reliquis
1071 1329 1236 1378 remoti,
1266 1328 1410 1379 postici
1441 1328 1520 1367 duo
1543 1329 1716 1368 caeteris
1738 1328 1961 1382 longiores.
2004 1329 2138 1368 Coxae

291 1412 332 1446 ut
368 1407 408 1444 in
444 1401 623 1449 Nabide,
663 1402 897 1454 elongatae,
942 1401 1220 1441 trochanteres
1261 1401 1411 1440 minuti.
1478 1400 1645 1440 Femora
1686 1401 1984 1453 subcylindrica
2023 1414 2140 1440 cras—

294 1478 492 1526 siuscula,
523 1476 725 1515 anteriora
757 1474 836 1513 duo
860 1474 1109 1527 longitudine
1131 1475 1338 1522 tibiarum,
1370 1474 1597 1525 posteriora
1619 1477 1790 1525 quatuor
1811 1474 1918 1513 tibiis
1941 1474 2139 1513 breviora.

293 1553 430 1593 Tibiae
460 1553 617 1597 rectae,
649 1547 957 1596 teretiuseulae,
989 1546 1221 1596 filiformeS,
1253 1546 1394 1586 setulis
1426 1546 1578 1598 sparsis
1610 1545 1777 1586 obsitae.
1823 1546 1938 1586 Tarsi
1959 1547 2142 1585 tri—arti·-

294 1626 433 1673 culati,
463 1621 631 1662 articulo
662 1622 788 1673 primo
821 1622 1075 1671 (metatarso)
1106 1619 1274 1670 reliquis
1306 1619 1515 1671 longiore,
1545 1619 1682 1658 ultimo
1713 1618 2059 1671 bi-unguiculato.

405 1696 612 1752 Affinitas.
681 1693 817 1732 Genus
862 1692 1182 1732 conformatione
1228 1692 1424 1741 thoracis,
1470 1691 1716 1741 abdominis,
1761 1696 1800 1730 et
1843 1690 2142 1731 acetabulorum

295 1767 565 1822 magnitudine
597 1765 940 1805 distinctissimum
981 1777 1027 1805 ac
1057 1777 1160 1816 pene
1200 1763 1427 1817 singulare,
1465 1766 1569 1803 vitae
1609 1776 1706 1803 suae
1743 1764 1924 1815 pliasiuin
1955 1768 2144 1815 respectu

300 1842 471 1881 ulterius
519 1838 860 1891 investiganduin;
912 1838 1133 1877 ocellorum
1180 1836 1341 1876 defectu
1387 1849 1462 1876 nec
1506 1848 1586 1876 non
1640 1840 1898 1876 antennarum
1946 1841 2145 1876 structura

298 1915 486 1969 Capsinis
516 1911 657 1959 affine,
687 1908 835 1949 Nabidi
862 1911 1087 1962 proximum
1120 1910 1299 1960 inprimis
1332 1909 1445 1949 coxis
1476 1909 1687 1961 elongatis,

302 2053 338 2094 1.
390 2051 621 2106 Myrm.
654 2049 880 2103 agilis*
918 2049 1053 2098 rusca,
1084 2048 1364 2089 mesothorace
1395 2048 1567 2101 gibboso
1598 2046 1849 2099 pedibusque
1881 2047 2146 2100 ferrugineis:

434 2125 540 2164 tibiis
572 2124 684 2175 apice
716 2122 863 2171 suscis;
894 2126 1155 2161 antennarum
1187 2121 1343 2161 articuli
1373 2121 1478 2160 tertii
1500 2121 1670 2169 baseos,
1702 2121 2009 2172 metatarsisque
2041 2132 2145 2160 cun—

435 2198 508 2236 ctis
546 2195 857 2243 albido—flavis3
906 2195 1234 2246 liemielytrorum
1280 2193 1516 2233 rudimentis
1556 2192 1837 2232 metathoracis
1883 2192 2144 2246 longitudine.

434 2269 558 2321 Long.
589 2267 641 2320 Ῑὲ
662 2268 729 2307 lin.

387 2358 507 2400 Myrm.
533 2354 757 2388 lithuuntcaffi
781 2354 917 2387 Tab.11.
945 2355 997 2398 fig,
1021 2355 1095 2396 12).

407 2435 564 2475 Habitat
590 2446 683 2473 raro
714 2434 753 2472 in
785 2433 909 2485 sylvis
941 2433 1122 2472 acerosis
1154 2434 1274 2472 siccis
1297 2433 1542 2472 Lithuaniae.
1596 2432 1722 2484 Hujus
1755 2433 1959 2483 specimen
1991 2435 2143 2471 aestate

299 2524 331 2550 a.
367 2507 472 2550 1845
503 2508 541 2546 in
571 2506 738 2558 praedio
770 2505 1019 2545 Michaliszki
1051 2517 1193 2543 novem
1227 2506 1422 2544 milliariis
1453 2518 1473 2545 a
1500 2505 1614 2544 Vilna
1642 2509 1788 2544 terram
1821 2504 2033 2544 celerrime
2065 2516 2142 2556 pe-

298 2588 407 2631 tens,
438 2595 458 2620 a
489 2593 551 2620 me
583 2584 763 2631 captum,
794 2579 833 2617 in
854 2578 1019 2617 Musaeo
1052 2577 1299 2617 berolinensi
1331 2583 1584 2625 asservatum
1616 2578 1691 2617 alia
1724 2576 1980 2616 duo-ibidem
2013 2576 2143 2616 habita

299 2654 477 2694 Berolini
508 2644 665 2692 viciniis
697 2665 717 2692 a
749 2652 839 2691 divo
861 2649 1112 2689 Erichson
1141 2649 1206 2691 23.
1229 2651 1335 2689 Junii
1361 2649 1464 2692 1847
1496 2651 1586 2690 loco
1610 2648 1850 2689 Grunewald
1883 2648 1986 2687 dicto
2019 2654 2144 2701 capta,

299 2740 320 2766 a
351 2726 568 2765 lithuanico
600 2726 759 2764 minime
792 2725 972 2773 diversa,
1003 2722 1110 2775 quod
1141 2728 1311 2762 attamen
1342 2725 1531 2775 primatus
1564 2735 1626 2762 me
1650 2727 1814 2762 auctore
1844 2721 1919 2761 sibi
1940 2721 2125 2760 vindicat.

409 2799 608 2838 Insectum
639 2797 849 2849 pusillum,
889 2794 1232 2844 formicaeforme,
1264 2808 1453 2847 opacum,
1492 2796 1699 2849 glabrum,
1740 2794 1986 2844 subnudum,
2025 2793 2144 2833 nullis

392 2975 425 3017 1)
452 2975 580 3007 Nomen
608 2975 736 3007 triviale
761 2975 970 3014 litlmsmica,
1003 2974 1122 3007 tabulis
1151 2974 1219 3015 jam
1248 2971 1334 3006 1848
1359 2974 1479 3015 paratis
1512 2973 1723 3014 inscriptum,
1758 2982 1845 3002 nunc
1872 2972 2078 3013 supprimere
2104 2982 2143 3002 eo

303 3034 407 3076 inagis
432 3032 510 3064 mihi
535 3033 639 3064 visum
668 3037 735 3070 est,
772 3030 859 3073 quod
886 3032 1047 3063 insectum
1074 3030 1137 3062 hoc
1169 3040 1236 3061 non
1264 3034 1387 3061 tantum
1415 3029 1639 3067 Litliuaniam,
1664 3028 1721 3060 sed
1749 3032 1780 3059 et
1804 3027 1995 3059 Borussiam
2022 3027 2143 3058 incolit.

303 3088 409 3127 Quum
436 3087 518 3120 haec
550 3087 666 3130 praelo
692 3087 872 3127 sudantur,
906 3087 972 3119 duo
999 3086 1063 3119 alia
1091 3087 1272 3129 specimina
1298 3086 1370 3127 ejus
1397 3086 1437 3118 ab
1463 3085 1663 3117 amicissimo
1689 3084 1723 3116 J.
1748 3084 1782 3115 P.
1810 3083 1848 3115 E.
1874 3084 1995 3114 Frdr.
2022 3084 2142 3114 stein

303 3143 531 3183 Berolinensi,
557 3144 682 3176 vii-iniis
709 3141 966 3182 Brieselang
992 3148 1023 3174 et
1049 3141 1496 3184 Kopniclterdleide,
1528 3147 1682 3172 currente
1708 3145 1851 3175 aestate,
1877 3144 1972 3180 capta
1999 3144 2083 3170 sunt.
