2259 3506
784 205 1189 256 —111—

113 341 149 381 ὁ.
198 343 322 382 diluto
356 355 524 392 carnea,
567 345 726 395 pronoli
759 343 960 391 humeris,
1001 343 1223 395 elytrorum
1253 343 1366 395 apice
1397 342 1704 394 abdominisque
1734 346 1914 396 margine

196 415 353 463 rubris,
402 415 479 453 hoc
527 415 644 468 nigro
690 420 899 467 punetato:
947 416 1177 456 membrana
1223 416 1444 467 elytrorum
1488 415 1739 455 immaculata
1775 415 1915 457 Burni.

195 487 351 526 Handb.
375 487 411 525 d.
435 487 523 526 Ent.
546 487 592 526 Π.
615 487 920 542 361.]ἕ)θ]ηίη(ι.

147 574 264 607 Cimex
287 576 526 608 interstinctus
551 575 646 610 Linn.
665 576 772 608 Faun.
792 587 839 609 su.
859 574 935 608 927.
961 575 1061 608 Fabr.
1080 576 1156 608 Eut.
1176 576 1260 617 Syst.
1278 576 1333 610 IV.
1352 574 1425 609 116.
1446 575 1519 609 141.
1544 576 1660 617 Ejusd.
1678 577 1764 619 Syst.
1782 577 1915 621 Rliyng.

191 635 265 669 171.
282 635 337 669 88.
363 637 481 670 Villers
497 638 573 670 Ent.
592 638 684 670 Linn.
706 636 781 670 495.
800 637 854 670 54.
888 637 985 669 Rossi
1004 636 1107 669 Fauii.
1126 642 1186 669 etr.
1205 638 1258 669 ed.
1277 637 1367 681 Jllig.
1385 638 1424 670 ΙΙ.
1442 636 1518 671 372.
1538 637 1625 672 1307
1650 638 1724 682 (ubi
1749 650 1767 671 a
1794 639 1915 672 Rossio

188 698 313 741 duplex
338 699 535 743 magnitudo
561 699 659 743 lapsu
684 699 804 731 calami
828 697 1039 741 indicaturl).

144 760 342 792 Pentatoma
365 761 586 793 interstincta
610 761 695 793 Latr.
716 761 796 792 Hist.
816 760 890 793 Nat.
907 760 976 792 XII.
999 758 1072 792 192.
1090 758 1144 793 30.
1169 759 1257 792 Boit.
1276 759 1363 792 Man.
1383 771 1457 793 enc.
1474 761 1528 794 55.

142 822 260 854 Cimeoe
284 823 467 865 ‹tyatliinus
491 826 513 863 β
537 823 777 855 ‘interstinctus
802 821 885 855 Fall.
905 820 988 854 Cim.
1008 832 1056 854 su.
1075 819 1130 853 45.
1147 820 1177 854 5.
1202 821 1319 863 Ejusd.
1339 822 1431 854 Hem.
1448 833 1496 854 su.
1515 821 1569 857 24.
1587 822 1607 855 4
1623 827 1654 865 β.

142 884 391 916 Aemitleosoma
413 884 669 916 interstinctum
694 883 776 916 Mus.
795 883 901 916 herol.

142 946 281 977 Mem-us
307 945 364 989 (ex
382 945 486 987 lingu.
504 943 616 988 hebr.)
640 945 737 987 Amy.
754 945 829 977 Eut.
848 945 901 977 Fr.
919 944 972 978 89.
992 944 1044 977 74.

164 1024 323 1064 Habitat
353 1023 592 1076 frequenter
622 1024 662 1063 in
694 1024 882 1076 sepibus,
917 1024 1182 1073 ambulacris,
1220 1022 1348 1063 hortis
1380 1028 1421 1063 et
1451 1024 1575 1076 sylvis
1605 1027 1843 1076 pracsertim
1874 1028 1915 1066 in

52 1097 243 1137 beluletis
275 1110 347 1149 per
375 1102 497 1136 totam
528 1096 775 1135 Lithuaniam
807 1109 828 1135 a
858 1097 985 1148 prima
1017 1101 1169 1137 aestate
1205 1096 1255 1135 ad
1287 1108 1421 1136 serum
1453 1102 1697 1138 autumnum.
1768 1098 1914 1151 Speci—

54 1171 159 1209 mina
190 1169 392 1210 foeminea
423 1169 689 1218 autumnalia,
728 1169 857 1222 magis
889 1169 1070 1208 colorata
1109 1169 1335 1209 rubicunda
1368 1170 1525 1222 alisque
1556 1170 1674 1210 valde
1706 1172 1915 1214 nebulosis

54 1255 217 1295 semper
253 1243 348 1282 vidi.
409 1241 587 1282 Odorem
628 1242 753 1294 spirat
792 1241 937 1280 fortem
977 1243 1188 1295 ingratum.
1222 1265 1273 1269 —
1305 1242 1526 1292 „Foemina
1556 1243 1689 1295 pullos
1721 1245 1914 1287 exclusos

52 1316 232 1355 Gallinae
264 1315 444 1355 adinstar
473 1315 656 1365 incubat,
688 1315 797 1353 ducit
828 1318 867 1353 ct
897 1318 1037 1354 contra
1066 1315 1235 1367 injurias
1266 1319 1430 1354 strenue
1454 1315 1656 1355 defenditGC
1678 1317 1757 1367 (De
1775 1317 1915 1368 Geor).

160 1405 316 1445 Nullam
348 1405 525 1456 speciem
555 1404 675 1457 hujus
712 1403 888 1443 familiae
918 1403 994 1443 hac
1026 1404 1154 1457 magis
1196 1409 1236 1443 et
1266 1404 1407 1444 colore
1439 1408 1478 1443 et-
1508 1407 1784 1459 magnitudinc
1814 1421 1915 1448 ver-

51 1478 234 1530 sipellem
266 1489 406 1517 nosco.
467 1477 622 1516 Nomen
658 1477 878 1530 genuinum
909 1476 1182 1516 Linnaeanum
1214 1477 1359 1517 insecti
1395 1489 1468 1528 per
1499 1477 1747 1519 Lithuaniam
1778 1480 1915 1521 divul—

51 1551 133 1603 gati
163 1554 202 1589 et
235 1562 257 1589 a
299 1549 526 1590 clarissimo
557 1549 883 1589 Bur-meister
919 1548 1163 1588 vindicatum
1195 1553 1235 1588 et
1264 1549 1514 1599 restitutum⁷
1550 1549 1618 1590 diu
1647 1552 1752 1604 apud
1784 1567 1916 1606 quos-

50 1622 139 1662 dam
179 1622 483 1675 entomologos‚
529 1622 899 1661 diversissimarum
938 1621 1166 1672 specierum
1207 1621 1460 1662 confusionis
1499 1635 1621 1663 causa
1658 1624 1743 1665 fuit.
1815 1627 1915 1667 Lin—

50 1706 194 1734 naeum
235 1695 275 1734 in
306 1695 440 1735 Fauna
480 1695 644 1735 suecica
682 1694 756 1734 sub
791 1693 940 1733 Cimiee
964 1694 1107 1748 griseo
1145 1706 1296 1733 marem
1336 1694 1478 1747 hujuS‚
1529 1695 1744 1737 foeminam
1783 1703 1915 1739 autem

51 1767 124 1807 sub
159 1767 303 1806 Cimiee
331 1768 580 1807 interstincto
612 1766 880 1816 intellexisse,
909 1766 999 1817 plus
1023 1778 1141 1817 quam
1172 1766 1383 1818 probabile
1414 1771 1489 1807 est.
1548 1768 1759 1810 Fabricius
1792 1769 1914 1811 Cimi-

49 1855 133 1880 cem
157 1840 343 1895 griseum
372 1839 538 1878 Linnaei
570 1839 610 1877 in
642 1850 716 1878 suo
751 1837 899 1878 Cimice
923 1839 1066 1894 griseo
1099 1838 1222 1888 (Cim.
1244 1841 1521 1894 punctipenni
1544 1841 1675 1896 Jllig.)
1708 1843 1914 1885 invenisse

49 1912 262 1962 credebat,
300 1916 340 1951 et
377 1912 435 1951 uti
473 1924 525 1951 ex
565 1912 802 1964 synonymia
833 1911 893 1950 De
911 1910 1033 1951 Geeri
1071 1915 1111 1950 et
1144 1912 1310 1951 Linnaei
1351 1913 1425 1952 sub
1464 1913 1533 1952 illo
1580 1914 1751 1955 adducta
1796 1922 1914 1969 patet,

49 1987 233 2037 utrisque
265 1983 466 2033 confusis,
496 1996 634 2023 veram
665 1984 935 2023 Linnaeanam
968 1984 1148 2035 speciem
1181 1984 1255 2023 sub
1287 1986 1448 2024 nominc
1480 1998 1585 2025 novo
1620 1988 1777 2027 Cimicis
1806 2005 1914 2046 aga-

49 2058 149 2098 {hini
175 2057 409 2110 proposuit,
450 2069 569 2108 quem
599 2056 802 2096 Panzerus
842 2061 882 2095 et
911 2056 1084 2096 Wolfius
1115 2057 1288 2110 vestigia
1318 2057 1491 2098 Fabricii
1522 2066 1752 2111 prementes
1794 2067 1833 2101 et
1864 2063 1913 2102 ad

49 2133 138 2184 ejus
176 2130 476 2178 auctoritatem,
512 2129 698 2169 iconibus
739 2129 860 2168 claris
900 2134 1277 2181 repraesentavere.
1343 2131 1500 2172 Primus
1539 2133 1686 2186 Jlliger
1725 2134 1914 2175 Ciinieem

48 2204 341 2244 interstinctum
370 2202 545 2241 Fabricii
575 2213 671 2241 esse
703 2201 918 2241 foeminam
956 2202 1045 2254 ejus
1081 2200 1245 2242 Cimieis
1276 2203 1466 2258 sig-cithini
1499 2207 1663 2258 agnovit
1702 2211 1741 2246 et
1770 2212 1912 2249 utros-

50 2290 129 2330 que
161 2276 210 2315 ad
241 2287 382 2314 verum
406 2274 594 2314 Cimieem
620 2275 805 2329 griseum
826 2275 993 2314 Linnaei
1023 2274 1266 2316 referendos
1289 2289 1385 2316 esse
1408 2277 1602 2329 probavit.
1654 2279 1769 2326 Quod
1791 2293 1911 2332 quum

48 2351 101 2389 ita
132 2349 205 2398 sit,
234 2347 341 2387 haud
370 2347 566 2387 haesitavi
596 2347 826 2388 nominibus
861 2347 961 2387 Cim.
980 2347 1185 2404 czgatliini,
1221 2348 1266 2389 C.
1288 2347 1466 2390 Betulae
1487 2356 1526 2390 et
1552 2351 1651 2391 Cim.
1677 2353 1917 2393 interstincti

49 2426 116 2462 aut
147 2433 273 2461 sexus
306 2424 373 2459 aut
404 2420 555 2460 coloris
587 2419 820 2473 designatas
853 2421 1173 2461 modificationes
1205 2434 1285 2462 non
1316 2427 1466 2463 tantum
1499 2437 1701 2477 cynosura
1723 2431 1762 2465 et
1783 2427 1911 2466 casti-

49 2495 212 2547 gatione
234 2493 372 2533 Wolfii
404 2498 443 2532 et
464 2492 646 2546 Jlligeri,
677 2505 758 2532 non
788 2497 939 2533 tantum
970 2495 1208 2534 auctoritate
1239 2495 1392 2535 Falleni
1423 2501 1462 2536 et
1482 2497 1747 2537 Burmeisleri
1768 2498 1910 2548 fret-us,

50 2567 124 2607 sed
163 2566 214 2606 ad
250 2566 587 2606 numerosissima
631 2567 852 2617 specimina
893 2566 1029 2607 Cimie.
1062 2567 1251 2623 agalliini
1293 2574 1333 2608 et
1375 2570 1616 2609 interstincti
1654 2583 1676 2609 a
1712 2583 1776 2610 me
1821 2572 1909 2622 ipso

51 2639 223 2680 collecta
253 2644 321 2678 aut
349 2640 390 2678 in
419 2638 598 2678 Musaeis
628 2638 959 2680 berolinensibus
991 2641 1158 2693 privatis
1190 2646 1230 2680 et
1259 2641 1452 2692 publicis,
1491 2642 1711 2682 institutum
1741 2644 1909 2697 rigoro—

50 2725 138 2752 sum
169 2723 361 2761 examen,
390 2715 579 2763 tanquam
613 2712 839 2762 superflua,
871 2714 1075 2765 genuinae
1107 2714 1260 2766 speciei
1281 2713 1537 2753 Linnaeanae
1558 2716 1790 2757 restituere.
1835 2717 1909 2757 Hic

48 2789 199 2824 tantum
236 2783 406 2823 verbulo
444 2784 631 2836 J'udicare
664 2785 778 2836 juvat
817 2786 925 2837 quod
956 2786 1153 2839 Jlligerus
1180 2787 1263 2838 jam
1294 2786 1333 2825 in
1368 2786 1467 2825 Cim.
1500 2787 1746 2828 interstincto
1777 2802 1908 2829 mem-

48 2858 213 2896 branam
243 2855 574 2907 hemielytrorum
605 2856 726 2896 modo
753 2857 953 2909 hyalinam
983 2859 1275 2899 immaculatam
1306 2858 1425 2898 modo
1454 2859 1693 2900 nebulosam
1722 2861 1840 2912 vidit,
1869 2867 1910 2901 et

47 2929 221 2969 Wolfms
252 2929 291 2968 in
324 2927 473 2968 Cimiee
497 2928 693 2984 (ig-cithino
726 2942 802 2970 suo
832 2933 1094 2984 versipellem
1121 2932 1303 2971 colorem
1334 2933 1520 2984 corporis
1550 2934 1744 2986 (pronon,
1773 2934 1907 2974 hemi-

49 3002 270 3055 elytrorum
301 3005 341 3040 et
370 3001 552 3052 scutelli)
583 3001 796 3042 adnotavit.

160 3084 328 3124 Habitus
358 3085 709 3136 praecedentium,
741 3091 779 3126 at
809 3088 1043 3141 magnitudo
1073 3087 1214 3127 minor.

159 3167 399 3217 Pronotum‚
427 3169 662 3220 scutellum,
694 3170 954 3222 hemielytra‚
993 3169 1068 3210 sed
1087 3171 1337 3225 praesertim
1359 3177 1508 3226 peetus
1532 3170 1746 3227 profunde
1775 3186 1904 3214 exca-
