2259 3506
1007 216 1076 220 —-
1159 203 1250 235 xllt
1328 214 1397 218 -—-

290 336 448 381 «terent,
479 333 640 382 praesto
672 332 806 367 erant:
839 325 944 377 quod
978 328 1108 362 autem
1142 324 1294 361 insecta
1326 321 1511 372 respicit,
1553 319 1700 358 frustra
1732 319 1794 358 vel
1827 319 1948 358 hilum
1983 318 2128 357 ibidem

288 415 529 457 quaereres,
571 413 689 453 quum
723 396 1026 448 Entomologiae
1058 394 1239 432 doctrina
1272 398 1364 432 tunc
1395 392 1587 443 temporis
1618 390 1758 429 Vilnae
1800 392 1865 430 vix
1904 404 1950 430 ae
1982 403 2031 430 ne
2063 392 2130 429 vix

286 477 444 530 quidem
478 474 636 513 nomine
669 473 953 510 innotesceret.
1000 467 1142 518 Neque
1176 466 1212 504 id
1246 464 1468 504 mirandum
1501 476 1612 513 50110,
1644 476 1764 515 quum
1788 464 1828 513 ii,
1860 464 2129 515 (1011101101-

286 546 587 590 sitatiVilnensi
620 550 710 584 tune
740 545 972 594 praeerant,
1004 541 1089 580 sive
1122 538 1301 591 theologi
1334 551 1355 578 e
1387 541 1544 577 vetusta
1571 536 1818 575 Jesuitaruin
1852 536 2011 585 Schola,
2045 536 2129 575 sive

287 622 513 662 matheseos
545 617 742 664 cultores,
775 615 859 654 sive
887 612 1191 666 jurisconsulti,
1222 611 1285 650 vel
1310 611 1342 650 si
1365 610 1599 662 peritissimi
1622 608 1785 661 quidem
1808 607 2128 661 doctissimique,

285 693 536 736 nihilominus
567 694 697 728 tamen
728 686 1013 739 promovendis
1042 690 1161 737 atque
1192 682 1482 735 amplificandis
1514 683 1583 732 iis,
1616 694 1720 734 quae
1752 693 2005 733 nequaquam
2028 693 2129 733 pro-

285 768 513 811 fiterentur,
544 760 647 801 haud
678 759 814 799 idonei
845 772 893 798 00
924 760 1097 811 impares
1129 757 1361 797 evaderent.

391 838 506 877 Anno
538 833 700 886 quidem
734 830 838 874 1523
870 832 1054 881 ineunte,
1093 831 1249 870 theatro
1294 829 1516 868 anatomico
1552 829 1633 880 jam
1665 831 1872 866 exstructo
1904 831 2024 878 atque
2056 839 2131 878 pa-

282 916 390 960 rato,
435 920 510 947 nec
549 918 627 946 non
667 905 886 958 Zoologiae
934 909 973 943 et
1010 903 1224 943 Botanices
1279 900 1517 953 professore
1569 899 1731 952 publico
1771 901 1931 953 triginta
1971 900 2134 938 circiter

281 994 473 1023 annorum
506 990 671 1019 munere
709 979 784 1016 rite
817 976 1029 1029 perfuncto
1074 981 1113 1015 et
1156 974 1352 1027 stipendia
1391 973 1581 1022 emerite,
1620 978 1707 1024 apta
1746 985 1889 1013 munus
1920 974 2132 1025 utriusque

282 1055 490 1095 doetrinae
531 1051 737 1091 docendae
778 1050 947 1103 singulis
986 1049 1192 1103 magistris
1233 1045 1503 1087 committendi
1541 1046 1704 1085 occasio
1745 1058 1838 1085 sese
1877 1046 2041 1094 obtulit,
2079 1047 2131 1084 ita

280 1135 339 1178 ut,
371 1126 564 1167 suadente
596 1136 641 1163 ac
674 1123 775 1162 duce
807 1123 1038 1162 Zootomiae
1071 1121 1363 1161 etAnatomiae
1396 1123 1650 1170 comparatae
1681 1123 1774 1158 tunc
1801 1119 1993 1171 temporis
2025 1119 2129 1158 Pro—

282 1202 461 1249 fessore,
507 1197 553 1237 L.
585 1196 634 1235 Il.
666 1194 884 1249 Bojano.
918 1195 1078 1234 alumno
1124 1193 1326 1246 ejusdem,
1368 1192 1417 1231 M.
1450 1191 1498 1231 M.
1531 1191 1817 1231 Fortunato
1849 1191 2130 1231 Jurewiez,

282 1273 514 1325 Zoologiam
547 1269 728 1309 docentis
760 1268 965 1319 provincia
988 1267 1220 1316 obveniret,
1251 1278 1367 1317 quam
1390 1264 1517 1313 idem,
1548 1263 1750 1318 Bojano
1783 1270 2023 1316 praeeunte,
2055 1277 2132 1305 eo—

282 1348 371 1387 dem
404 1356 505 1384 anno
536 1342 691 1382 ratione
722 1339 967 1380 nostratibus
999 1339 1210 1392 hucusque
1242 1338 1358 1390 plane
1390 1338 1547 1391 ignota,
1581 1338 1727 1389 quippe
1760 1350 1864 1390 quae
1896 1338 2132 1378 Anatomiae

283 1421 534 1470 comparatae
566 1415 633 1454 illa
666 1413 877 1462 nitebatur,
909 1411 956 1452 ad
978 1411 1283 1451 Laniui-cliii,
1310 1411 1513 1450 c‘nmteri
1541 1415 1579 1449 et
1598 1409 1759 1450 Olfenz'
1778 1412 1997 1451 institutum
2030 1411 2133 1450 bona

288 1493 349 1531 avi
382 1490 613 1541 auspicatus
645 1491 719 1525 est.
751 1508 801 1514 ——

391 1562 514 1603 Multa
553 1559 697 1599 dehinc
736 1570 932 1610 prospera
970 1558 1008 1597 in
1050 1562 1227 1597 nostram
1266 1569 1351 1596 rein
1383 1568 1564 1596 cessere.
1624 1557 1734 1596 Tunc
1773 1557 1918 1596 etenim
1950 1558 2134 1608 primum,

283 1638 393 1678 atriis
424 1634 585 1674 Theatri
627 1632 839 1671 anatomici
883 1630 1122 1682 quibusdam
1164 1629 1202 1669 in
1242 1642 1357 1669 usum
1396 1629 1551 1668 Musaei
1589 1629 1792 1682 zoologici
1832 1630 1999 1681 Junctim
2047 1642 2134 1668 cum

284 1709 518 1751 Anatomiae
550 1708 802 1757 comparatae
834 1704 903 1743 illo
935 1704 1111 1751 affectis,
1159 1702 1325 1742 corallia
1356 1706 1476 1754 atque
1508 1702 1718 1754 conchylia
1761 1707 1839 1741 tuin
1870 1702 1909 1740 in
1939 1701 2082 1740 itinere
2114 1714 2133 1739 a

285 1782 550 1824 celeberrimo
584 1778 807 1832 Geor-gio
842 1777 1049 1816 Forster
1080 1778 1118 1815 in
1150 1776 1391 1828 longinquas
1423 1775 1615 1828 regiones
1656 1775 1836 1814 instituto
1867 1774 1990 1823 lecta,
2023 1775 2134 1813 Aca-

285 1856 440 1896 demiae
474 1851 653 1891 Vilnensi
686 1864 719 1890 a.
754 1848 859 1891 1783
891 1849 939 1889 ab
971 1849 1117 1888 eodem
1151 1848 1304 1898 delata,
1335 1852 1415 1887 tum
1448 1861 1518 1897 ea,
1551 1860 1654 1900 quae
1685 1847 1915 1886 liberalitati
1945 1847 2133 1886 Doctoris

288 1927 527 1969 l'Vielzerti
554 1937 630 1963 nec
662 1935 739 1962 non
771 1923 927 1962 comitis
954 1921 1198 1962 Walfelsii
1226 1921 1494 1970 debebantur,
1526 1921 1575 1959 ad
1608 1921 1812 1960 doctrinae
1844 1932 2021 1959 normam
2055 1920 2131 1959 de-

286 2002 410 2049 linita,
442 1998 507 2038 tali
539 1997 693 2036 ratione
726 1995 919 2047 disposita
950 1999 1061 2043 sunt,
1092 1999 1134 2034 01
1164 1994 1383 2046 unicuique
1414 1993 1460 2032 ad
1494 1993 1633 2032 eadem
1666 1992 1795 2032 aditus
1827 1992 1945 2032 facile
1968 1998 2134 2044 pateret.

286 2075 497 2112 Praeterea
529 2083 548 2109 a
578 2069 730 2108 Musaei
764 2073 856 2108 tunc
888 2068 1078 2119 temporis
1111 2066 1318 2118 praefecto
1350 2066 1514 2105 assidue
1547 2066 1779 2114 curabatur,
1811 2070 1852 2104 ut
1881 2067 2035 2105 aestivo
2067 2066 2132 2105 se-

285 2147 435 2185 riarum
479 2148 658 2193 tempore
711 2140 875 2180 alternis
916 2141 1029 2180 annis
1081 2140 1317 2180 Anatomiae
1363 2143 1616 2190 comparatae
1655 2151 1847 2190 perquam
1897 2151 2047 2191 gnarus
2096 2143 2136 2177 et

289 2218 446 2271 quidem
487 2216 564 2254 una
602 2214 851 2266 prosectoris
897 2225 1064 2253 munere
1103 2212 1262 2252 functus
1300 2211 1552 2251 Henrc'ens
1590 2211 1887 2265 Laapmann,
1927 2212 1965 2251 in
2005 2213 2133 2251 meri-

289 2292 428 2331 dianos
469 2288 700 2327 Lithuaniae
740 2291 889 2326 tractus
929 2287 1173 2334 mitteretur,
1223 2285 1290 2337 qui
1329 2284 1641 2337 amphibiorum,
1686 2284 1878 2335 piscium,
1923 2285 2051 2324 avium
2098 2289 2137 2324 et

291 2362 551 2404 mammalium
583 2358 764 2410 exempla
797 2360 979 2399 exanima
1016 2359 1062 2398 ad
1108 2359 1285 2410 speciem
1314 2358 1531 2396 viventium
1564 2358 1785 2409 proximam
1822 2356 2017 2408 peculiari
2048 2361 2134 2396 arte

291 2437 454 2489 plastica
496 2432 789 2481 conformaret,
829 2444 957 2484 eaque
998 2432 1163 2472 Musaeo
1203 2431 1403 2480 deferret,
1445 2442 1548 2482 quae
1587 2440 1654 2468 res
1695 2434 1883 2480 quantum
1922 2430 2136 2469 contulerit

292 2511 364 2549 rite
396 2513 513 2560 atque
557 2509 744 2545 accurate
776 2504 1032 2543 addiscendis
1073 2504 1299 2544 animalium
1339 2503 1560 2557 generibus
1601 2503 1920 2554 speciebusque,
1962 2504 2028 2542 vix
2059 2508 2133 2549 est,

293 2582 397 2634 quod
429 2584 648 2633 moueatur.
680 2602 731 2605 fi

401 2654 518 2692 Brevi
556 2656 664 2703 post,
706 2650 848 2690 eodem
887 2649 1087 2703 Bosana
1129 2652 1303 2702 sospite,
1349 2649 1626 2689 Universitatis
1665 2648 1829 2687 Musaeo
1872 2652 2135 2687 accesserunt

296 2727 535 2764 insectorum
565 2725 603 2763 in
633 2724 822 2763 Poloniae
854 2723 1002 2761 veteris
1034 2722 1176 2761 finibus
1209 2722 1438 2775 degentium
1473 2720 1651 2759 Caroli
1691 2719 1752 2759 de
1782 2718 2024 2759 Perthe'es
2056 2720 2131 2759 ab-

298 2797 567 2836 solutissimae
600 2797 884 2845 collectiones,
916 2795 963 2834 ab
996 2795 1123 2834 hocce
1155 2796 1414 2834 meritissimo
1444 2796 1532 2833 viro
1563 2794 1785 2842 institutae,
1817 2805 1920 2844 quae
1942 2792 2081 2832 Vilnae
2114 2805 2134 2831 0

298 2869 608 2921 consanguineis
639 2869 819 2920 ejusdem
852 2867 960 2907 mille
994 2867 1206 2906 uncialium
1239 2867 1488 2907 rossicorum
1518 2868 1648 2918 pretio
1671 2866 1822 2905 Musaei
1851 2865 1978 2918 gratia
2017 2877 2132 2904 com—

298 2944 457 2991 paratae
500 2945 601 2979 sunt.
670 2941 919 2980 Aeeessione
958 2939 1156 2992 ejusmodi
1207 2940 1347 2979 mirum
1388 2944 1574 2991 quantum
1620 2940 1863 2978 insectorum
1903 2938 2018 2989 patrii
2056 2937 2132 2977 soli

301 3012 475 3050 Historia
505 3012 695 3051 naturalis
728 3014 982 3052 emolumenti
1015 3017 1126 3052 nacta
1159 3017 1231 3051 est.
1290 3012 1440 3051 Huicee
1471 3025 1492 3051 a
1523 3012 1639 3050 nobis
1672 3011 1787 3050 etiam
1819 3009 1938 3049 multa
1968 3014 2131 3060 accepta

300 3083 513 3122 reserenda
536 3089 638 3133 sunt,
658 3085 707 3122 ita
730 3089 772 3123 ut
793 3097 938 3135 operae
962 3087 1132 3137 pretium
1156 3085 1248 3124 mihi
1272 3085 1466 3134 videatur,
1485 3085 1533 3124 de
1551 3082 1853 3123 Perllie'esio
1871 3086 1990 3133 atque
2012 3082 2129 3134 eJ‘us-

302 3155 389 3195 dem
416 3156 554 3194 iurem
582 3157 810 3195 litterariam
834 3163 1007 3197 nestram
1027 3159 1178 3197 meritis
1204 3156 1405 3197 nonnullis
1424 3157 1631 3196 Lectorem
1656 3156 1943 3206 praemonitum
1968 3155 2126 3193 habere.
