2259 3506
828 228 900 232 —
979 199 1082 249 205
1162 228 1232 232 ——

111 336 248 386 „detur
278 336 573 387 quodammodo
605 338 693 375 osui
725 337 938 375 inservire.
1014 336 1101 374 Non
1136 335 1299 375 fortuito
1331 335 1430 375 haec
1461 337 1546 387 apis
1579 337 1776 375 interdum
1808 339 1955 389 gaudet

110 408 261 459 „fronte
292 408 621 461 appemliculata3
652 408 790 459 plures
821 408 950 447 liabeo
983 408 1055 447 hac
1087 408 1227 447 eadem
1260 412 1352 447 nota
1384 408 1637 447 instructaS.“
1668 431 1717 436 -—

219 479 431 535 7,Ιῖἰὶἑνεν
469 480 568 519 llaec
607 480 777 519 addidit:
829 479 954 534 „Apis
983 479 1116 531 suram
1152 482 1353 525 Rossii,
1405 494 1426 520 a
1464 480 1734 520 celeberrimo
1765 479 1953 519 Rossc'o

109 555 216 605 „ipso
250 553 393 601 missa,
424 565 569 591 revera
602 552 774 592 foemina
805 552 989 591 Ezoeerae
1018 550 1269 605 longicorm's
1299 557 1371 592 est.
1422 553 1562 592 Petioli
1594 552 1672 592 duo
1703 553 1767 592 isti
1799 553 1954 597 frontis,

79 663 82 666 ,
110 627 169 677 „in
201 625 399 665 nonnullis
431 625 718 677 speciminibus
753 624 980 672 observati,
1012 623 1128 662 nobis
1162 623 1374 664 Clacarc'ae
1404 625 1626 665 videntur.“

219 698 374 737 Cornua
405 699 480 737 ista
512 697 710 737 adscititia
742 696 838 735 nihil
869 695 977 735 ahud
1008 707 1122 745 esse,
1169 708 1286 747 quam
1318 697 1528 748 pollinaria
1561 698 1850 737 Orchidcarum
1881 710 1953 737 re-

113 770 269 810 tinaculi
301 770 526 823 proscolla,
566 769 685 808 fronti
717 769 848 820 apium
881 767 1125 820 adglutinata
1164 772 1283 819 atque
1324 768 1434 808 hisce
1474 770 1641 809 firmiter
1682 770 1954 821 adhaerentia,

112 843 227 895 hujus
256 844 447 895 temporis
481 842 790 881 observationes
823 841 920 880 satis
951 852 1157 892 superque
1185 840 1367 891 probant.
1428 841 1586 882 Cornua
1608 842 1835 895 hujusmodi
1858 855 1954 883 casu

112 920 268 965 exorta,
299 921 337 955 at
367 917 472 954 inter
502 927 598 954 vera
630 926 781 953 cornua
813 914 942 965 posita
973 914 1013 952 in
1044 912 1218 951 foemina
1241 911 1405 952 Osmiae
1434 910 1605 954 bicornis
1637 926 1659 953 a
1689 928 1750 953 me
1782 914 1885 954 forte
1914 916 1954 955 in

112 988 223 1028 horto
260 989 446 1028 botanico
478 987 734 1027 Berolinensi
763 987 801 1027 d.
833 985 871 1028 3.
893 986 1002 1025 Junii
1035 982 1142 1026 1849
1175 998 1209 1024 a.
1241 990 1374 1037 capta,
1419 985 1457 1024 in
1498 986 1610 1036 apice
1648 987 1767 1038 paulo
1807 988 1954 1038 mutila,

112 1061 308 1115 frontique
340 1062 596 1114 symmetrice
635 1060 785 1099 firmata
828 1058 919 1098 vidi.
998 1057 1109 1096 Hanc
1147 1057 1272 1109 ipsam
1309 1057 1576 1098 amicissimus
1614 1058 1682 1097 Dr.
1713 1058 1951 1103 Jslotseli,

112 1135 283 1174 herbarii
312 1135 417 1188 regii
447 1132 726 1174 Berolinensis
769 1135 931 1179 cust-os,
969 1130 1034 1169 cui
1064 1142 1158 1169 mox
1197 1142 1310 1181 apem
1352 1129 1453 1170 hanc
1485 1131 1794 1183 quadricornem
1826 1132 1952 1171 vivam

114 1207 286 1257 ostendi,
316 1207 526 1259 pollinaria
551 1207 632 1259 jain
664 1201 848 1244 Orchislis
878 1201 1076 1251 latifoliae
1108 1201 1155 1241 L.
1189 1215 1303 1253 esse,
1328 1204 1439 1256 justo
1471 1203 1696 1256 meritoque
1723 1203 1953 1244 declaravit.

878 1328 1179 1373 (Continuabitur.)
