2259 3506
835 211 1206 262 —723—

196 347 401 399 nigroque
433 348 569 387 vario:
612 348 780 387 maculis
815 348 1042 400 quadratis:
1083 350 1197 388 ostiis
1231 349 1526 400 spiraculorum
1561 355 1706 401 puncto
1739 351 1856 402 nigro
1892 352 1957 390 ‹li-

196 419 352 459 stinctis
372 420 410 459 *.
471 420 598 472 Long.
631 418 683 473 3}
706 419 773 459 lin.

172 508 383 539 Eusa'reoris
409 507 549 540 Innatus
576 508 684 541 Halm.
703 508 820 540 Wauz·
840 507 879 539 ll.
901 505 975 539 127.
995 506 1076 539 Tab.
1092 507 1188 540 LXX.
1208 508 1263 551 fig.
1276 507 1351 542 208.

172 569 373 601 Pentatoma
397 570 599 613 'impressum
626 570 720 601 Herr.
736 568 882 601 Schaetl'.
904 569 936 599 in
956 567 1056 600 Panz.
1077 573 1169 601 cont.
1189 568 1225 601 F.
1244 579 1311 612 ger.
1333 568 1406 601 115.
1428 568 1478 602 10.
1493 569 1534 612 ῼ.

174 630 292 662 cimex
317 630 486 663 lobulacus
514 631 679 663 Rambur!
705 641 773 662 sec.
792 630 912 673 origin.
931 639 1022 671 speC.
1041 635 1127 661 auct.
1145 631 1177 662 in
1198 630 1282 663 Mus.
1301 630 1426 662 herold

193 708 352 748 Habitat.
383 710 423 747 in
455 709 606 760 campis
638 713 678 747 et
710 707 758 747 ad
792 719 887 746 oras
921 707 1126 759 sylvarum
1160 707 1351 746 Podoliae
1384 709 1587 749 australis.

196 780 366 832 Species
406 780 730 828 distinctissima,
779 783 818 818 et
863 779 912 818 ab
960 780 1146 819 omnibus
1188 779 1530 831 praecedentibus
1571 780 1698 821 forma
1737 783 1878 834 capitis
1919 788 1957 822 et

81 852 286 904 pilositate
319 865 438 904 quam
471 852 644 891 maxime
678 851 861 901 diversa,
894 855 934 891 et
964 851 1042 890 hoc
1075 851 1164 891 solo
1196 851 1435 891 charactere
1469 864 1558 891 cum
1588 852 1706 893 Perit.
1729 853 1959 894 Boccor-nm

83 925 187 964 inter
217 928 421 963 nostrates
453 924 681 975 comparari
712 928 858 975 potest.

195 995 352 1047 Corpus
391 996 580 1045 nitidum,
622 996 803 1048 undique
843 997 1047 1047 impresso
1088 997 1500 1049 nigro-punctatum.
1573 996 1721 1036 Puncta
1760 999 1958 1050 impressa

82 1068 187 1108 haud
217 1067 439 1119 profunda,
471 1069 510 1108 in
541 1073 714 1120 pronoto
749 1068 875 1119 spatia
909 1069 1153 1121 irregularia
1185 1067 1291 1107 nuda
1323 1067 1584 1107 flavescentia
1617 1068 1887 1122 distinguunt,
1919 1073 1958 1110 in

81 1145 222 1179 ventre
254 1141 522 1180 minutissima
555 1141 840 1193 irregulariter
872 1140 1078 1189 conserta,
1112 1141 1151 1179 in
1183 1140 1363 1179 maculas
1396 1140 1512 1192 quasi
1544 1140 1762 1180 confluunt.
1822 1141 1959 1182 Pedes

82 1214 176 1261 toti,
216 1217 373 1260 venter,
411 1217 558 1266 caput,
606 1217 810 1252 antennae
847 1217 886 1251 et
912 1218 1142 1267 promotum,
1180 1212 1357 1251 anticum
1400 1226 1449 1251 ex
1481 1217 1626 1266 parte,
1654 1212 1759 1267 pilis
1796 1216 1958 1269 sparsis

81 1285 243 1332 erectis,
278 1282 447 1332 albidis,
479 1282 684 1331 lecvthus,
717 1282 860 1324 obsita.

193 1357 319 1408 Caput
349 1356 617 1408 majllsculum
641 1355 1066 1410 arcuato-cleslexum,
1099 1362 1334 1397 [inlrorsum
1355 1356 1506 1396 sensim
1529 1362 1812 1412 angzcslalztm,
1844 1359 1960 1412 apice

81 1429 406 1484 integerrimum,
439 1441 571 1481 usque
604 1428 653 1468 ad
687 1429 832 1469 oculos
865 1430 1082 1469 excisurae
1117 1431 1278 1480 pronoti
1310 1430 1567 1479 immersum,
1607 1429 1855 1484 triangulari
1872 1446 1957 1485 pa-

81 1500 324 1549 rabolicum,
364 1500 471 1541 lobis
504 1501 638 1554 clypei
671 1502 858 1541 omnibus
890 1501 1128 1554 fastigiatis,
1168 1501 1301 1541 medio
1334 1501 1497 1550 lineari,
1528 1501 1764 1542 lateralibus
1796 1515 1958 1543 sursum

82 1574 296 1614 attenuatis
335 1577 374 1612 et
410 1578 528 1612 extus
569 1586 709 1625 parum
741 1573 1137 1623 arcuato-inflexis,
1184 1574 1257 1613 sed
1297 1586 1432 1626 neque
1473 1578 1612 1622 extus,
1658 1586 1793 1626 neque
1835 1587 1956 1626 supra

82 1646 333 1698 marginatis.
394 1645 670 1685 Antemiarum
704 1646 900 1686 articulus
934 1646 1139 1686 secundus
1171 1647 1291 1686 tertio
1322 1658 1462 1697 parum
1493 1645 1659 1685 brevior
1688 1647 1749 1695 (in
1780 1650 1809 1695 ῼ
1852 1660 1873 1686 a
1896 1660 1958 1686 me

82 1719 224 1766 visis),
255 1717 416 1756 articuli
448 1731 485 1757 v.
520 1729 660 1757 omnes
694 1718 963 1768 concolores,
994 1731 1031 1757 v,
1064 1718 1142 1757 duo
1175 1723 1243 1758 aut
1273 1723 1356 1758 tres
1388 1718 1515 1757 ultimi
1547 1717 1696 1757 fusculi
1727 1718 1816 1758 basi
1847 1718 1957 1758 dilu—

81 1791 221 1829 tiores.
283 1788 400 1828 Oculi
432 1789 557 1838 fusci,
598 1789 746 1829 annulo
786 1789 938 1841 pallido
971 1790 1106 1829 cincti.
1168 1790 1298 1830 Ocelli
1330 1789 1569 1842 occipitales
1599 1790 1718 1830 valde
1750 1790 1958 1831 distantes.

81 1862 271 1901 Rostrum
303 1861 430 1913 pedes
464 1863 647 1912 posticos
679 1863 903 1915 attingens:
935 1864 1107 1916 vaginae
1139 1868 1213 1903 art.
1240 1864 1445 1903 secundus
1469 1863 1754 1916 longissimus,
1787 1866 1959 1903 extremi

83 1934 163 1975 duo
208 1934 465 1987 aequilongi,
512 1935 735 1975 terminalis
782 1937 912 1989 niger.
972 1934 1267 1975 Praeslermtm
1304 1937 1409 1974 cirea.
1445 1933 1583 1988 pedes
1619 1936 1777 1974 anticos
1821 1934 1957 1975 loculo

82 2005 389 2046 membranaceo
421 2012 599 2046 secutum.
661 2008 880 2048 Pronotum
913 2008 1060 2047 leviter
1089 2019 1340 2056 convexum3
1372 2007 1518 2046 liturae
1549 2011 1810 2047 transversae
1842 2008 1958 2047 ordi-

83 2081 222 2119 nariae
262 2079 367 2118 haud
408 2079 644 2128 ‹listinctae3
686 2081 892 2133 margines
925 2079 1115 2119 laterales
1155 2084 1193 2118 et
1233 2079 1361 2130 spatia
1399 2079 1527 2118 libera
1563 2079 1669 2117 inter
1700 2084 1846 2130 puncta
1878 2081 1957 2119 im-

82 2163 225 2204 pressa
258 2151 505 2200 flavescunt3
547 2152 684 2205 anguli
716 2152 949 2192 humerales
979 2151 1182 2191 rotundati
1213 2152 1282 2190 vix
1313 2151 1429 2191 basin
1461 2150 1792 2202 hemiclytrorum
1827 2165 1957 2191 exce-

83 2224 238 2263 dentes.
314 2223 535 2263 Scutellum
575 2225 852 2276 parabolicum
892 2224 1107 2264 abdomine
1146 2224 1172 2276 ὲ
1202 2224 1389 2272 brevius,
1435 2224 1474 2262 in
1515 2224 1675 2277 angulis
1713 2224 1957 2264 basilaribus

82 2295 186 2335 callo
202 2294 464 2349 flavescente
494 2297 754 2346 instructum,
787 2297 904 2351 apice
924 2295 1068 2335 lunula
1091 2294 1274 2350 ejusdem
1296 2296 1447 2335 coloris
1470 2296 1740 2336 terminatum.
1786 2296 1956 2335 Hemic—

81 2368 186 2420 lytra
219 2367 359 2407 colore
392 2369 572 2419 scutelli,
605 2368 806 2409 abdomen
838 2370 1093 2422 obtegentia3
1127 2381 1269 2422 margo
1302 2368 1468 2407 costalis
1490 2369 1578 2408 basi
1601 2368 1802 2416 ssavescit3
1833 2383 1954 2407 mem-

82 2438 209 2479 brana
241 2438 335 2479 alba
368 2442 407 2479 in
438 2441 595 2496 angulo
623 2442 779 2480 interno
810 2440 1041 2494 infuscata,
1073 2441 1238 2480 circiter
1266 2440 1483 2490 7-nervia,
1516 2453 1641 2480 nervo
1673 2452 1752 2480 uno
1776 2440 1956 2480 alterove

82 2512 253 2552 furcato.
325 2512 452 2565 Caput
490 2517 530 2553 et
568 2513 808 2564 praesertim
847 2517 1085 2565 pronotum,
1124 2513 1339 2553 scutellum
1379 2517 1419 2552 et
1457 2513 1695 2564 hemielytra
1736 2512 1956 2552 concolora

83 2585 208 2624 dilute
240 2585 376 2636 fusca,
410 2586 483 2626 sub
515 2585 624 2625 lente
651 2586 892 2636 praesertim
916 2586 1270 2626 characteristicas
1293 2585 1494 2634 maculas,
1525 2589 1755 2636 punctaque
1778 2584 1955 2623 obscura

81 2670 185 2711 vage
218 2659 356 2710 spatiis
389 2658 604 2698 denudatis
638 2659 911 2708 interstincta,
944 2659 1173 2698 ostendunt.
1233 2657 1450 2696 Abdomen
1482 2668 1603 2706 supra
1634 2656 1813 2708 nigrum,
1845 2670 1953 2694 mar-

77 2731 179 2785 gine
207 2730 379 2770 maculis
410 2727 818 2786 quadrangularibus
833 2728 968 2783 flavis
999 2731 1212 2786 nigrisque
1240 2730 1464 2782 variegatO.
1516 2727 1672 2778 Corpus
1697 2728 1839 2767 subtus
1861 2728 1953 2780 pal-

82 2802 226 2852 lidius,
254 2803 691 2852 testaceo—fusculum,
723 2803 840 2855 nigro
864 2802 1384 2854 impresso-punctulatum.
1432 2799 1644 2838 Abdornen
1668 2799 1825 2839 modice
1848 2812 1953 2839 con-

82 2886 230 2913 vexum
262 2879 407 2914 exacte
439 2874 929 2927 elliptieo-rotundatum,
968 2874 1178 2913 latitudine
1210 2872 1556 2923 hemielytrorum.
1616 2869 1734 2910 Ostia
1764 2873 1952 2926 spiraeu-

83 2944 214 2984 lorum
234 2946 512 3001 pectoralimn
542 2951 581 2986 et
612 2944 931 2986 abclominalizmz
963 2944 1150 2985 distinete
1179 2945 1323 2999 nigra:
1361 2942 1461 2982 llaec
1490 2943 1679 2995 utrinque
1712 2943 1758 2992 5,
1791 2944 1830 2981 ill
1862 2944 1951 2982 Siu—

84 3017 181 3069 gulo
231 3023 442 3070 segmento
489 3019 658 3058 maculis
706 3016 1006 3073 marginalibus
1052 3014 1327 3071 diagonaliler
1371 3015 1576 3069 opposita.
1651 3014 1779 3054 Pedes
1821 3016 1951 3068 inagis

85 3088 243 3140 pallidi,
273 3090 406 3140 pilosi,
438 3091 610 3141 sparsim
642 3090 758 3130 fusco
790 3090 1008 3141 punctatim
1040 3086 1247 3135 maculati,
1278 3087 1519 3138 praesertim
1543 3085 1697 3126 femora
1720 3099 1825 3138 quae
1849 3087 1951 3127 sub—

84 3166 147 3199 tus
179 3161 333 3211 apicem
365 3173 510 3201 versus
543 3161 711 3202 maculis
744 3162 967 3213 majoribus
999 3158 1295 3199 confluentibus
1327 3162 1367 3197 et
1398 3158 1568 3199 annulos
1591 3159 1837 3210 interruptos
1864 3158 1946 3197 sor-

1646 3229 1688 3262 10
