2259 3506
987 690 1018 741 Ι,

692 843 1320 906 ΜΥΗΜΕΟΟΗΙΞ*

115 976 292 1017 NOVUM
323 975 633 1017 LITHUANIAE
664 975 1145 1016 HETEROPTERORUM
1177 976 1340 1017 GENUS
1373 975 1598 1017 CAPSINIS
1629 977 1905 1020 PROXIMUM.

89 1132 360 1189 Ery-molegio.
419 1132 572 1171 Nomen
609 1146 630 1171 e
669 1132 821 1172 duabus
858 1131 1027 1170 vocibus
1066 1131 1249 1184 graecis:
1293 1126 1468 1184 μύρμηξ
1501 1130 1689 1172 Formica
1730 1138 1768 1172 et
1806 1131 1926 1187 κορίς

287 1204 419 1243 Cimeoe
457 1204 690 1253 conflatum,
736 1203 981 1243 similitudini
1026 1202 1165 1242 alludit
1200 1203 1427 1252 Formicac,
1475 1205 1590 1256 cujus
1635 1209 1812 1245 nostrum
1859 1207 1923 1244 in-

286 1281 437 1315 sectum
479 1276 770 1327 quodammodo
811 1275 986 1315 habitum
1025 1275 1163 1315 refert.
1204 1299 1253 1303 —
1314 1275 1599 1327 Myrmecoris,
1637 1291 1688 1317 ex
1721 1278 1925 1329 cacopho-

286 1349 376 1388 nico
406 1348 718 1401 Myrmecocori,
748 1359 821 1399 per
851 1358 1080 1399 apocopen,
1114 1351 1254 1387 exorta
1285 1347 1495 1398 appellatio
1528 1354 1601 1389 est.

200 1419 463 1460 Charaeleres
494 1419 742 1460 essentiales
792 1419 917 1471 Caput
947 1420 1114 1469 sessile,
1146 1420 1309 1459 thorace
1332 1419 1462 1460 latius.
1511 1421 1719 1463 Antennae
1741 1425 1925 1475 corporis

89 1492 356 1545 longitudine,
388 1497 597 1542 setaceae,
629 1491 1045 1544 quadri-articulatae.
1106 1491 1234 1531 Ocelli
1264 1492 1374 1531 nulli.
1433 1493 1591 1533 Thorax
1620 1496 1659 1533 in
1698 1496 1828 1535 medio
1860 1497 1925 1535 di-

89 1565 230 1604 stincte
261 1566 522 1615 constrictus,
554 1564 828 1604 articulatione
860 1565 898 1603 in
930 1564 1030 1603 duas
1060 1568 1194 1615 partes
1217 1563 1391 1604 divisus:
1423 1568 1625 1605 anteriore
1647 1568 1925 1619 (prothorace)

89 1648 248 1676 sursum
286 1637 452 1688 latiore,
489 1638 716 1688 posteriore
747 1636 1067 1687 (mesothorace)
1106 1648 1224 1687 supra
1263 1636 1452 1676 deorsum
1492 1639 1531 1677 in
1569 1639 1732 1691 gibbum
1772 1640 1926 1680 elevata

89 1721 177 1747 cum
209 1721 405 1760 processu
435 1710 589 1761 postico
621 1710 754 1758 brevi,
784 1709 1095 1749 metathoracem
1127 1709 1410 1748 brevissimum
1441 1715 1739 1764 supertegente.
1786 1712 1925 1752 Hemi-

89 1781 216 1833 elytra
260 1781 378 1821 nulla.
444 1781 654 1820 Abdomen
699 1781 916 1830 clavatum,
961 1781 1363 1821 octo—articulatum.
1432 1782 1561 1822 Pedes
1605 1788 1767 1834 tenues,
1813 1785 1926 1824 coxis

89 1854 309 1907 elongatis,
339 1853 660 1893 trochanteribus
692 1854 864 1892 minutis,

201 1925 459 1965 Characteres
498 1924 718 1964 naturales.
779 1925 904 1977 Caput
941 1930 1166 1975 arcuatum,
1208 1926 1373 1976 sessile,
1411 1927 1496 1966 basi
1535 1927 1792 1981 triangulari,
1831 1928 1925 1967 tho—

88 2010 181 2037 race
203 1997 341 2046 latius,
372 1998 476 2036 inter
500 2001 690 2036 antennas
713 1999 827 2049 quasi
849 1999 887 2036 in
908 2003 1084 2037 rostrum
1107 1998 1312 2048 obtusum,
1343 2010 1638 2050 compressum,
1668 2000 1924 2051 productum:

88 2070 180 2109 lobo
226 2069 385 2108 medio
431 2069 563 2122 clypei
607 2069 721 2108 basin
766 2069 951 2109 haustelli
996 2070 1233 2123 attingente,
1278 2071 1532 2111 laterales
1575 2072 1843 2125 triangulares
1887 2074 1926 2111 in

88 2141 337 2195 longitudine
367 2142 569 2181 multoties
601 2145 828 2193 superante.
885 2141 1132 2181 Haustellum
1163 2142 1332 2192 nudum,
1362 2144 1504 2197 vagina
1535 2144 1926 2195 quadri-articulata,

87 2214 211 2266 pedes
250 2214 405 2254 medios
445 2215 663 2268 attingens,
705 2213 884 2253 articulis
926 2214 1278 2268 subaequilongis,
1316 2216 1442 2266 primo
1481 2217 1697 2256 crassiore.
1756 2217 1925 2257 Labrum

88 2286 336 2339 longitudine
373 2287 528 2326 articuli
565 2286 682 2338 primi
719 2287 902 2339 vaginae.
970 2286 1085 2326 Oculi
1122 2288 1300 2337 maximi,
1338 2288 1557 2338 reticulati,
1594 2291 1785 2340 convexi,
1824 2290 1925 2330 sub-

89 2359 267 2412 globosi,
306 2359 504 2398 excisuris
543 2358 773 2398 lateralibus
813 2359 974 2410 capitis,
1014 2359 1100 2399 basi
1139 2371 1210 2399 sua
1253 2360 1443 2400 immersi.
1502 2360 1630 2400 Ocelli
1667 2362 1776 2401 nulli.
1835 2363 1924 2402 An—

88 2436 232 2471 tennae
279 2435 367 2469 ante
406 2430 567 2480 oculos,
605 2431 758 2470 mediae
790 2429 908 2470 faciei
948 2432 985 2470 in
1027 2431 1132 2472 linea
1169 2431 1217 2470 ad
1256 2431 1334 2471 illis
1372 2433 1420 2472 ad
1451 2434 1603 2484 apicem
1644 2435 1763 2473 rostri
1795 2434 1924 2483 ducta,

89 2515 165 2555 ope
204 2502 403 2542 tuberculi
440 2503 713 2553 minutissimi,
752 2504 947 2553 insertae,
987 2503 1236 2557 longitudine
1275 2505 1478 2556 corporis,
1519 2505 1922 2556 quadri-articulatae

90 2577 129 2615 in
158 2576 249 2614 vivo
281 2575 551 2628 divergentes.
610 2576 881 2615 Antennarum
912 2576 1103 2616 articulus
1141 2577 1292 2628 primus
1323 2577 1588 2628 cylindricus,
1626 2578 1793 2629 reliquis
1824 2578 1922 2618 hre-

89 2649 177 2688 vior
214 2652 253 2686 et
291 2648 488 2697 crassior,
527 2648 730 2688 secundus
768 2648 986 2698 filiformis,
1025 2649 1194 2688 duorum
1233 2649 1526 2700 insequentium
1557 2649 1750 2688 maximae
1785 2650 1922 2704 longi—

90 2720 236 2760 tudinis
275 2720 454 2771 aequalis
492 2720 556 2759 vel
595 2721 712 2759 etiam
751 2732 963 2772 parumper
1000 2721 1180 2774 longior,
1226 2721 1367 2759 tertius
1407 2724 1446 2758 et
1494 2725 1658 2771 quartus
1697 2722 1923 2773 capillareS,

90 2792 297 2841 attenuati,
327 2792 618 2844 pubescentes,
650 2792 722 2832 sed
753 2793 894 2832 tertius
926 2799 1067 2845 quarto
1093 2794 1165 2833 sub
1195 2794 1308 2844 apice
1331 2793 1547 2844 conspicue
1570 2793 1797 2844 articulato,
1828 2795 1921 2835 lon—

90 2865 192 2917 gior.
252 2863 462 2904 Caeterum
493 2870 625 2916 partes
657 2869 823 2904 cunctae
854 2865 1029 2906 thoracis
1061 2878 1081 2904 a
1113 2865 1234 2904 dorso
1266 2864 1417 2903 liberae
1449 2865 1690 2916 conspicuae
1711 2867 1746 2915 ¹)
1777 2868 1920 2920 singu-

90 2936 163 2975 lari
212 2936 329 2975 modo
374 2937 663 2987 conformatae,
708 2936 991 2988 prothorax
1035 2949 1175 2988 nempe
1221 2937 1347 2987 capite
1394 2936 1557 2976 brevior
1600 2937 1751 2989 illoque
1793 2941 1921 2979 antice

182 3097 216 3139 1)
242 3098 339 3140 Apud
366 3097 585 3141 Heteroptera
616 3099 816 3141 generatim,
846 3099 1056 3131 mesothorax
1082 3103 1114 3130 et
1138 3097 1345 3130 metathorax
1378 3098 1437 3130 sub
1471 3104 1616 3140 pronote
1649 3100 1789 3132 maximo
1816 3106 1919 3133 totum

89 3154 224 3186 dorsum
251 3154 396 3186 thoracis
420 3159 554 3186 tenente
578 3155 692 3186 eadem
719 3154 914 3187 abscondita
931 3160 1024 3191 sunt,
1050 3160 1084 3186 ut
1100 3154 1231 3186 nonnisi
1258 3154 1298 3186 ab
1317 3154 1475 3186 inferiore
1491 3156 1521 3186 in
1542 3161 1756 3198 conspectum
1776 3158 1919 3190 veniant.
