2259 3506
992 179 1400 231 ——ns—

262 312 403 365 griseo
435 313 554 353 modo
587 314 982 363 fusco—testaceus,
1025 315 1146 355 modo
1180 316 1546 356 susce-rufeseens
1577 322 1643 355 aut.
1674 316 1926 365 flavescens,
1959 315 2139 367 praedo—

265 385 439 424 minante
473 387 673 426 metallico
707 385 832 425 dilate
862 385 1130 427 viridem-ente
1160 392 1227 427 aut
1258 386 1430 427 obscure
1460 403 1588 427 aeneo
1621 388 1878 440 (pyritico),
1916 388 1982 438 qui
2014 399 2139 438 prae—

264 457 404 496 sertim
436 458 476 496 in
506 459 656 511 capite,
697 458 737 496 in
769 458 930 509 pronoti
961 457 1159 506 humeris,
1199 458 1370 499 scutelle
1409 464 1448 499 et
1485 460 1684 499 interdum
1718 461 1756 499 in
1789 461 1903 500 corio
1936 459 2141 511 hemiely—

262 532 437 578 trorum,
476 529 732 570 observatur.
793 529 921 581 Caput
951 531 1199 584 oblongum,
1240 531 1589 585 quadrangulare,
1628 534 1783 572 vertice
1822 533 1964 584 plano,
2009 532 2139 571 antice

262 605 510 649 truncatum,
548 600 627 639 late
661 603 978 655 emarginatumg
1023 603 1106 643 lobi
1138 603 1271 656 clypei
1314 604 1571 644 laterales
1604 606 1815 658 marginati
1847 606 1962 656 apice
1994 608 2140 642 rotun—

264 671 365 722 dati,
395 672 612 712 medium
644 672 840 714 linearem
863 676 995 715 antice
1018 676 1213 725 liberum,
1246 681 1500 728 superantes.
1549 677 1675 728 Caput
1697 677 1840 717 subtus
1864 675 2140 716 fuscescenti—

265 744 422 784 ssavum.
484 743 601 783 Oculi
634 744 754 786 susci.
815 748 1006 788 Rostrum
1038 747 1287 798 flavescens,
1327 750 1498 789 articulo
1531 754 1676 801 quarto
1707 748 1910 796 breviore,
1947 748 2141 787 tenuiore.

250 815 394 869 fusco.
454 815 667 856 Antennae
701 818 842 859 fuscae
875 825 942 860 aut
972 821 1137 872 nigrae,
1169 820 1331 860 artic-uli
1351 821 1572 876 penultimi
1598 823 1716 876 apice
1745 821 1827 861 lale
1858 820 2007 869 albido,
2038 819 2142 858 flavo

264 891 331 926 aut
361 887 492 937 fulvo,
524 889 727 930 interdum
760 893 920 932 articuli
953 894 1060 932 tertii
1094 898 1134 932 et
1165 894 1297 945 quarti
1330 895 1444 946 apice
1476 906 1617 944 parum
1640 908 1675 933 v.
1698 899 1896 949 anguste,
1930 892 2142 933 aimulato:

264 959 459 999 articulus
500 961 706 1001 secundus
747 965 868 1004 tertio
908 966 1124 1020 insigniter
1163 966 1339 1019 longior.
1400 967 1617 1005 Pronotum
1640 965 1973 1020 planiuseulmn,
2011 964 2142 1003 antice

265 1031 315 1071 ad
347 1032 472 1072 latera
504 1037 544 1071 et
574 1032 770 1075 humeros
802 1037 1041 1087 obscurius,
1071 1038 1140 1077 vix
1171 1051 1262 1077 eum
1296 1039 1499 1078 metallico
1533 1039 1685 1087 nitore:
1716 1039 1921 1090 margines
1951 1036 2143 1076 laterales

265 1109 357 1144 ante
389 1105 602 1155 humeros,
635 1109 867 1148 verruculis
899 1110 1110 1160 apiculatis
1144 1110 1466 1151 sulvcscentibus
1498 1116 1616 1150 (iente
1648 1109 1905 1151 deriliezzlali:
1936 1109 2143 1149 auriculae

265 1177 497 1217 numerales
528 1178 699 1228 breves,
742 1180 1042 1231 complanatae,
1081 1183 1370 1233 subdessexae,
1410 1188 1647 1235 porrectae,
1677 1181 1926 1222 rolumlalae
1956 1183 2143 1233 integer—

266 1250 414 1297 rimae:
459 1250 578 1289 litura
608 1255 842 1291 transversa
875 1253 1080 1293 ordinaria
1114 1257 1351 1308 conspicua.
1414 1256 1637 1296 Scutellum
1669 1254 2144 1308 triangulam-conicum,

266 1321 355 1361 basi
394 1323 615 1373 conspicue
659 1324 859 1364 metallice
902 1327 1056 1375 nitens:
1103 1328 1142 1366 in
1177 1328 1312 1367 medio
1352 1329 1441 1380 ejus
1473 1329 1610 1367 carina
1643 1327 1853 1376 obsoleta,
1891 1327 1939 1366 ad
1971 1325 2144 1378 angulos

266 1393 465 1433 basilares
504 1395 696 1446 utrinque
739 1401 928 1447 punctum
959 1399 1143 1454 nigrum,
1187 1401 1407 1443 nn'nm'mn:
1458 1413 1562 1452 apex
1602 1400 1903 1448 immaculatus,
1942 1396 2144 1437 concolor.

267 1465 431 1505 Corium
464 1466 801 1519 hemielytrorum
835 1470 989 1510 coloris
1020 1473 1181 1523 pronoti
1215 1473 1458 1525 saepissime
1491 1472 1692 1512 metallico
1724 1473 1857 1512 nitore
1886 1472 2143 1511 destitutum:

266 1538 305 1576 in
341 1537 611 1578 bifurcatione
652 1542 766 1580 nervi
807 1543 1044 1595 marginalis
1086 1545 1252 1584 costalis
1294 1558 1416 1584 areae
1456 1545 1635 1594 mediae,
1674 1545 1831 1584 macula
1862 1543 2145 1596 punctiformis

264 1607 415 1648 albida.
484 1611 716 1652 Membrana
755 1615 910 1665 apicem
952 1616 1180 1656 abdominis
1220 1618 1451 1666 excedens,
1496 1618 1836 1671 aeneo-grisea,
1882 1616 2144 1662 bimaculata;

266 1681 423 1720 macula
455 1683 630 1723 obscura
664 1685 798 1735 fusca,
832 1687 957 1726 altera
990 1689 1030 1726 in
1061 1688 1218 1743 angulo
1241 1690 1425 1729 interiori
1452 1691 1579 1730 altera
1611 1689 1767 1745 alajot-e
1796 1701 1943 1729 versus
1975 1689 2143 1740 apicem.

267 1776 318 1780 —
348 1752 450 1793 Alae
482 1756 644 1795 omnino
676 1757 805 1798 albae.
857 1759 1070 1799 Abdomen
1104 1773 1224 1812 supra
1257 1763 1616 1802 coeruleo-atrum
1641 1763 1929 1816 marginatum3
1962 1762 2144 1814 margine

266 1825 506 1878 hemielytra
538 1829 767 1869 excedente
801 1830 978 1871 obscure
1009 1833 1129 1872 viridi
1171 1839 1238 1874 aut
1268 1836 1387 1888 nigro
1420 1836 1589 1875 maculis
1608 1835 1746 1889 sulcis
1777 1835 2008 1887 variegato;
2053 1847 2144 1873 ma-

267 1897 383 1936 culae
414 1897 549 1939 fulvae
582 1903 871 1955 rectangulae,
911 1904 1116 1959 oblongae
1149 1909 1249 1956 (non
1283 1908 1524 1959 quadratae)
1558 1908 1747 1947 obscuris
1781 1907 1988 1959 quadratis
2021 1906 2144 1957 duplo

268 1970 541 2022 angustiores.
620 1973 773 2014 Venter
812 1975 1041 2016 flavescens
1081 1982 1148 2017 aut
1184 1983 1412 2029 testaceus,
1459 1980 1661 2019 interdum
1701 1979 1870 2028 lividus,
1921 1991 2144 2027 convexus,

267 2043 426 2093 punctis
456 2044 620 2084 minutis
651 2046 900 2098 impressus:
948 2055 1201 2102 segmentum
1243 2052 1469 2092 secundum
1512 2052 1833 2100 immaculatum,
1874 2052 1997 2105 spina
2036 2050 2149 2091 brevi

266 2119 491 2155 armatum.-
522 2118 711 2169 utrinque
744 2121 783 2159 in
815 2122 957 2171 tertio,
991 2128 1158 2174 quarto,
1191 2125 1330 2175 quinto
1363 2129 1403 2164 et
1435 2128 1552 2164 sexto
1580 2124 1628 2163 ad
1652 2125 1874 2177 marginem
1897 2124 2142 2163 anteriorem

267 2189 329 2235 (et
365 2187 404 2226 in
443 2187 669 2230 directione
708 2194 905 2233 ostiorum
947 2196 1243 2246 spiraculorum
1276 2197 1542 2248 pectoralium
1583 2196 1703 2236 simili
1734 2196 1855 2235 modo
1887 2209 1934 2236 ac
1966 2197 2004 2235 in
2034 2195 2142 2236 Pen-

268 2263 378 2298 loma
408 2258 574 2300 Lunula
603 2262 782 2314 Fabrie.)
813 2266 974 2306 macula
994 2269 1290 2322 punelz'sbrmis
1323 2269 1457 2318 fusca,
1490 2269 1539 2308 ad
1571 2269 1728 2322 apicem
1758 2273 1894 2307 stlitem
1925 2269 2034 2308 sexli
2055 2283 2142 2307 ma-

267 2330 358 2370 cula
395 2331 527 2386 major
565 2332 749 2387 ejusdem
786 2337 934 2377 eoloris
978 2339 1119 2379 nitida.
1194 2341 1365 2393 Insuper
1410 2342 1513 2381 ostia
1559 2340 1856 2392 spiraculorum
1903 2341 2142 2381 ventralium

269 2404 441 2457 margini
473 2404 718 2446 abdominali
750 2411 998 2462 propinqua,
1020 2417 1182 2465 puncto
1215 2412 1341 2453 nitido
1360 2414 1514 2467 flisco,
1547 2413 1863 2466 distinguuntur.
1909 2413 2024 2453 Anus
2049 2413 2143 2453 foe-

268 2477 400 2516 minae
432 2477 616 2529 margine
646 2478 863 2531 4-10bus‚
904 2486 1134 2522 truncatus:
1186 2485 1371 2525 valvulae
1412 2486 1515 2526 duae
1555 2486 1799 2535 inferiores,
1840 2486 1996 2526 macula
2030 2486 2142 2526 fusca

268 2548 413 2598 nitida,
444 2553 618 2590 notatae.
679 2552 809 2592 Pedes
843 2554 1112 2605 concolores,
1144 2557 1330 2607 pilosuli,
1362 2557 1511 2610 pallide
1544 2558 1853 2608 fuscescentes,
1892 2559 2143 2614 nigro-pun-

268 2622 374 2661 ctati.
434 2621 574 2662 Tibiae
607 2625 855 2676 anteriores,
887 2639 978 2666 cum
1012 2627 1217 2668 denticulo
1251 2630 1435 2669 normali.
1488 2630 1656 2671 Femora
1689 2631 1870 2672 inermia.
1922 2631 2036 2671 Tarsi
2068 2644 2143 2670 va-

268 2694 434 2746 riegati,
472 2695 642 2735 articulo
676 2698 858 2737 secundo
891 2698 1062 2750 pallido,
1101 2701 1229 2752 primo
1262 2702 1349 2742 basi
1380 2702 1549 2755 pallida,
1589 2704 1707 2743 tertio
1740 2704 1870 2757 nigro.
1931 2703 2016 2742 Mas
2048 2704 2142 2743 foe—

268 2767 399 2806 minae
431 2767 682 2817 simillimus,
725 2782 865 2821 parum
902 2771 1053 2821 minor,
1086 2786 1175 2813 cum
1208 2775 1379 2814 articulo
1415 2779 1677 2814 antennarum
1711 2780 1855 2828 quarto
1887 2776 2000 2827 apice
2033 2776 2142 2814 fulvo

270 2843 308 2877 et
348 2839 386 2877 in
427 2846 640 2893 segmento
682 2847 799 2881 sexto
843 2844 1014 2883 ventrali
1055 2858 1143 2884 cuin
1184 2847 1337 2886 macula
1379 2847 1494 2886 fusca
1533 2848 1688 2886 minore
1729 2848 1963 2896 rotundata,
2010 2848 2143 2886 differi.

269 2912 487 2963 praecipue
521 2916 722 2953 structura
753 2914 938 2954 valvulae
971 2917 1112 2957 analis.
1163 2918 1274 2958 Haec
1306 2924 1505 2963 testacea,
1538 2920 1982 2971 prominenssuperne
2005 2919 2141 2959 lunato

271 2984 410 3023 excisa
441 2984 583 3024 subtus
615 2985 693 3024 late
728 2986 862 3036 fusca,
895 2988 1032 3028 nitida.

316 3071 433 3105 Nota.
476 3073 619 3105 Nomina
646 3073 855 3108 Leskeanum
884 3082 916 3108 et
941 3076 1176 3110 Fabricianum
1202 3077 1356 3110 alludunt
1388 3079 1427 3111 ad
1463 3078 1612 3111 colorem
1640 3078 1900 3111 viridescentem
1927 3078 2143 3113 metallicum.

473 3135 505 3166 in
531 3134 635 3168 dorso
661 3137 893 3179 conspicuum.
